%YAML 1.1
%TAG !u! tag:unity3d.com,2011:
--- !u!1 &6445093113285194557
GameObject:
  m_ObjectHideFlags: 0
  m_CorrespondingSourceObject: {fileID: 0}
  m_PrefabInstance: {fileID: 0}
  m_PrefabAsset: {fileID: 0}
  serializedVersion: 6
  m_Component:
  - component: {fileID: 7765028452786107673}
  - component: {fileID: 8226346068201584778}
  - component: {fileID: 453043771009142789}
  - component: {fileID: 8246200219153811396}
  - component: {fileID: 8335484275868013697}
  m_Layer: 0
  m_Name: Canvas
  m_TagString: Untagged
  m_Icon: {fileID: 0}
  m_NavMeshLayer: 0
  m_StaticEditorFlags: 0
  m_IsActive: 1
--- !u!224 &7765028452786107673
RectTransform:
  m_ObjectHideFlags: 0
  m_CorrespondingSourceObject: {fileID: 0}
  m_PrefabInstance: {fileID: 0}
  m_PrefabAsset: {fileID: 0}
  m_GameObject: {fileID: 6445093113285194557}
  m_LocalRotation: {x: -0, y: 0.7071068, z: -0, w: 0.7071068}
  m_LocalPosition: {x: 0, y: 0, z: -5.140528}
  m_LocalScale: {x: 0.0024999997, y: 0.0025, z: 0.0038414998}
  m_ConstrainProportionsScale: 0
  m_Children:
  - {fileID: 6894217002880568435}
  m_Father: {fileID: 7245542257239948918}
  m_LocalEulerAnglesHint: {x: 0, y: 90, z: 0}
  m_AnchorMin: {x: 0, y: 0}
  m_AnchorMax: {x: 0, y: 0}
  m_AnchoredPosition: {x: 1.5451033, y: 2.6618543}
  m_SizeDelta: {x: 196.9396, y: 192.2072}
  m_Pivot: {x: 0.5, y: 0.5}
--- !u!223 &8226346068201584778
Canvas:
  m_ObjectHideFlags: 0
  m_CorrespondingSourceObject: {fileID: 0}
  m_PrefabInstance: {fileID: 0}
  m_PrefabAsset: {fileID: 0}
  m_GameObject: {fileID: 6445093113285194557}
  m_Enabled: 1
  serializedVersion: 3
  m_RenderMode: 2
  m_Camera: {fileID: 0}
  m_PlaneDistance: 100
  m_PixelPerfect: 0
  m_ReceivesEvents: 1
  m_OverrideSorting: 0
  m_OverridePixelPerfect: 0
  m_SortingBucketNormalizedSize: 0
  m_VertexColorAlwaysGammaSpace: 0
  m_AdditionalShaderChannelsFlag: 0
  m_UpdateRectTransformForStandalone: 0
  m_SortingLayerID: 0
  m_SortingOrder: 0
  m_TargetDisplay: 0
--- !u!114 &453043771009142789
MonoBehaviour:
  m_ObjectHideFlags: 0
  m_CorrespondingSourceObject: {fileID: 0}
  m_PrefabInstance: {fileID: 0}
  m_PrefabAsset: {fileID: 0}
  m_GameObject: {fileID: 6445093113285194557}
  m_Enabled: 1
  m_EditorHideFlags: 0
  m_Script: {fileID: 11500000, guid: 0cd44c1031e13a943bb63640046fad76, type: 3}
  m_Name: 
  m_EditorClassIdentifier: 
  m_UiScaleMode: 1
  m_ReferencePixelsPerUnit: 100
  m_ScaleFactor: 1
  m_ReferenceResolution: {x: 800, y: 600}
  m_ScreenMatchMode: 0
  m_MatchWidthOrHeight: 0
  m_PhysicalUnit: 3
  m_FallbackScreenDPI: 96
  m_DefaultSpriteDPI: 96
  m_DynamicPixelsPerUnit: 1
  m_PresetInfoIsWorld: 1
--- !u!114 &8246200219153811396
MonoBehaviour:
  m_ObjectHideFlags: 0
  m_CorrespondingSourceObject: {fileID: 0}
  m_PrefabInstance: {fileID: 0}
  m_PrefabAsset: {fileID: 0}
  m_GameObject: {fileID: 6445093113285194557}
  m_Enabled: 1
  m_EditorHideFlags: 0
  m_Script: {fileID: 11500000, guid: dc42784cf147c0c48a680349fa168899, type: 3}
  m_Name: 
  m_EditorClassIdentifier: 
  m_IgnoreReversedGraphics: 1
  m_BlockingObjects: 0
  m_BlockingMask:
    serializedVersion: 2
    m_Bits: 4294967295
--- !u!114 &8335484275868013697
MonoBehaviour:
  m_ObjectHideFlags: 0
  m_CorrespondingSourceObject: {fileID: 0}
  m_PrefabInstance: {fileID: 0}
  m_PrefabAsset: {fileID: 0}
  m_GameObject: {fileID: 6445093113285194557}
  m_Enabled: 1
  m_EditorHideFlags: 0
  m_Script: {fileID: 11500000, guid: 97424199c27b57c45bcc166d675dabaa, type: 3}
  m_Name: 
  m_EditorClassIdentifier: 
--- !u!1 &6807440514220122312
GameObject:
  m_ObjectHideFlags: 0
  m_CorrespondingSourceObject: {fileID: 0}
  m_PrefabInstance: {fileID: 0}
  m_PrefabAsset: {fileID: 0}
  serializedVersion: 6
  m_Component:
  - component: {fileID: 7245542257239948918}
  - component: {fileID: 5091133399177152998}
  m_Layer: 0
  m_Name: BED
  m_TagString: Untagged
  m_Icon: {fileID: 0}
  m_NavMeshLayer: 0
  m_StaticEditorFlags: 0
  m_IsActive: 1
--- !u!4 &7245542257239948918
Transform:
  m_ObjectHideFlags: 0
  m_CorrespondingSourceObject: {fileID: 0}
  m_PrefabInstance: {fileID: 0}
  m_PrefabAsset: {fileID: 0}
  m_GameObject: {fileID: 6807440514220122312}
  serializedVersion: 2
  m_LocalRotation: {x: 0, y: -1, z: 0, w: 0}
  m_LocalPosition: {x: -8, y: -1.2, z: 8.6}
  m_LocalScale: {x: 1, y: 1, z: 1}
  m_ConstrainProportionsScale: 0
  m_Children:
  - {fileID: 278039916715234015}
  - {fileID: 1335775406940114197}
  - {fileID: 7765028452786107673}
  m_Father: {fileID: 0}
  m_LocalEulerAnglesHint: {x: 0, y: -180, z: 0}
--- !u!65 &5091133399177152998
BoxCollider:
  m_ObjectHideFlags: 0
  m_CorrespondingSourceObject: {fileID: 0}
  m_PrefabInstance: {fileID: 0}
  m_PrefabAsset: {fileID: 0}
  m_GameObject: {fileID: 6807440514220122312}
  m_Material: {fileID: 0}
  m_IncludeLayers:
    serializedVersion: 2
    m_Bits: 0
  m_ExcludeLayers:
    serializedVersion: 2
    m_Bits: 0
  m_LayerOverridePriority: 0
  m_IsTrigger: 0
  m_ProvidesContacts: 0
  m_Enabled: 1
  serializedVersion: 3
  m_Size: {x: 1, y: 0.38, z: 1}
  m_Center: {x: -0.5, y: 1.41, z: -5.92}
--- !u!1 &8362057794137310548
GameObject:
  m_ObjectHideFlags: 0
  m_CorrespondingSourceObject: {fileID: 0}
  m_PrefabInstance: {fileID: 0}
  m_PrefabAsset: {fileID: 0}
  serializedVersion: 6
  m_Component:
  - component: {fileID: 1335775406940114197}
  - component: {fileID: 7891515405120392818}
  m_Layer: 0
  m_Name: Bed
  m_TagString: Building
  m_Icon: {fileID: 0}
  m_NavMeshLayer: 0
  m_StaticEditorFlags: 0
  m_IsActive: 0
--- !u!4 &1335775406940114197
Transform:
  m_ObjectHideFlags: 0
  m_CorrespondingSourceObject: {fileID: 0}
  m_PrefabInstance: {fileID: 0}
  m_PrefabAsset: {fileID: 0}
  m_GameObject: {fileID: 8362057794137310548}
  serializedVersion: 2
  m_LocalRotation: {x: -0, y: -0, z: -0, w: 1}
  m_LocalPosition: {x: -7.42, y: 1.01, z: 6.24}
  m_LocalScale: {x: 1.5366, y: 1, z: 1}
  m_ConstrainProportionsScale: 0
  m_Children:
  - {fileID: 2831626396556264882}
  - {fileID: 2726328476704560047}
  - {fileID: 8346921620204379666}
  m_Father: {fileID: 7245542257239948918}
  m_LocalEulerAnglesHint: {x: 0, y: 0, z: 0}
--- !u!114 &7891515405120392818
MonoBehaviour:
  m_ObjectHideFlags: 0
  m_CorrespondingSourceObject: {fileID: 0}
  m_PrefabInstance: {fileID: 0}
  m_PrefabAsset: {fileID: 0}
  m_GameObject: {fileID: 8362057794137310548}
  m_Enabled: 1
  m_EditorHideFlags: 0
  m_Script: {fileID: 11500000, guid: 80207bc39ed98bf4a8fc917a0c1b8307, type: 3}
  m_Name: 
  m_EditorClassIdentifier: 
  initialCounter: 3
  returns:
  - 125
  - 130
  - 135
  eachStageform:
  - {fileID: 0}
  - {fileID: 0}
  - {fileID: 0}
  level: 0
  buildingName: Bed
  itemIndex: 0
  QueueSpawn: {fileID: 2168614924131450782, guid: 47d9f50a8ecb749428c40829a2bf7006, type: 3}
  baseUpgradeCost: 100
  upgradeCost: 80
  maxLevel: 3
  queuePos: {x: 0, y: 0, z: 0}
--- !u!1001 &420735767285907427
PrefabInstance:
  m_ObjectHideFlags: 0
  serializedVersion: 2
  m_Modification:
    serializedVersion: 3
    m_TransformParent: {fileID: 7245542257239948918}
    m_Modifications:
    - target: {fileID: 436017002202557756, guid: c113ba8c306914b32a89a75d2ad49906, type: 3}
      propertyPath: m_LocalScale.y
      value: -18.086994
      objectReference: {fileID: 0}
    - target: {fileID: 436017002202557756, guid: c113ba8c306914b32a89a75d2ad49906, type: 3}
      propertyPath: m_LocalScale.z
      value: -18.086994
      objectReference: {fileID: 0}
    - target: {fileID: 436017002202557756, guid: c113ba8c306914b32a89a75d2ad49906, type: 3}
      propertyPath: m_LocalPosition.x
      value: 0.4173577
      objectReference: {fileID: 0}
    - target: {fileID: 436017002202557756, guid: c113ba8c306914b32a89a75d2ad49906, type: 3}
      propertyPath: m_LocalPosition.y
      value: 1.26
      objectReference: {fileID: 0}
    - target: {fileID: 436017002202557756, guid: c113ba8c306914b32a89a75d2ad49906, type: 3}
      propertyPath: m_LocalPosition.z
      value: -4.74
      objectReference: {fileID: 0}
    - target: {fileID: 436017002202557756, guid: c113ba8c306914b32a89a75d2ad49906, type: 3}
      propertyPath: m_LocalRotation.w
      value: 0.7071067
      objectReference: {fileID: 0}
    - target: {fileID: 436017002202557756, guid: c113ba8c306914b32a89a75d2ad49906, type: 3}
      propertyPath: m_LocalRotation.x
      value: -0.7071068
      objectReference: {fileID: 0}
    - target: {fileID: 436017002202557756, guid: c113ba8c306914b32a89a75d2ad49906, type: 3}
      propertyPath: m_LocalRotation.y
      value: -0
      objectReference: {fileID: 0}
    - target: {fileID: 436017002202557756, guid: c113ba8c306914b32a89a75d2ad49906, type: 3}
      propertyPath: m_LocalRotation.z
      value: -0
      objectReference: {fileID: 0}
    - target: {fileID: 436017002202557756, guid: c113ba8c306914b32a89a75d2ad49906, type: 3}
      propertyPath: m_LocalEulerAnglesHint.x
      value: 0
      objectReference: {fileID: 0}
    - target: {fileID: 436017002202557756, guid: c113ba8c306914b32a89a75d2ad49906, type: 3}
      propertyPath: m_LocalEulerAnglesHint.y
      value: 0
      objectReference: {fileID: 0}
    - target: {fileID: 436017002202557756, guid: c113ba8c306914b32a89a75d2ad49906, type: 3}
      propertyPath: m_LocalEulerAnglesHint.z
      value: 0
      objectReference: {fileID: 0}
    - target: {fileID: 2694085375345690073, guid: c113ba8c306914b32a89a75d2ad49906, type: 3}
      propertyPath: m_Name
      value: Bed 10$
      objectReference: {fileID: 0}
    - target: {fileID: 3245363349315703390, guid: c113ba8c306914b32a89a75d2ad49906, type: 3}
      propertyPath: price
      value: 10
      objectReference: {fileID: 0}
    - target: {fileID: 3245363349315703390, guid: c113ba8c306914b32a89a75d2ad49906, type: 3}
      propertyPath: Building
      value: 
      objectReference: {fileID: 8362057794137310548}
    m_RemovedComponents: []
    m_RemovedGameObjects: []
    m_AddedGameObjects: []
    m_AddedComponents: []
  m_SourcePrefab: {fileID: 100100000, guid: c113ba8c306914b32a89a75d2ad49906, type: 3}
--- !u!4 &278039916715234015 stripped
Transform:
  m_CorrespondingSourceObject: {fileID: 436017002202557756, guid: c113ba8c306914b32a89a75d2ad49906, type: 3}
  m_PrefabInstance: {fileID: 420735767285907427}
  m_PrefabAsset: {fileID: 0}
--- !u!1001 &5512116595316869405
PrefabInstance:
  m_ObjectHideFlags: 0
  serializedVersion: 2
  m_Modification:
    serializedVersion: 3
    m_TransformParent: {fileID: 1335775406940114197}
    m_Modifications:
    - target: {fileID: 5777569334160649204, guid: 5f6eb892801324fc4ac55e1ec0767d63, type: 3}
      propertyPath: m_Name
      value: Bed lv.2
      objectReference: {fileID: 0}
    - target: {fileID: 5777569334160649204, guid: 5f6eb892801324fc4ac55e1ec0767d63, type: 3}
      propertyPath: m_IsActive
      value: 0
      objectReference: {fileID: 0}
    - target: {fileID: 7614220933043329714, guid: 5f6eb892801324fc4ac55e1ec0767d63, type: 3}
      propertyPath: m_LocalPosition.x
      value: 4.556
      objectReference: {fileID: 0}
    - target: {fileID: 7614220933043329714, guid: 5f6eb892801324fc4ac55e1ec0767d63, type: 3}
      propertyPath: m_LocalPosition.y
      value: 0.8039999
      objectReference: {fileID: 0}
    - target: {fileID: 7614220933043329714, guid: 5f6eb892801324fc4ac55e1ec0767d63, type: 3}
      propertyPath: m_LocalPosition.z
      value: -13.729999
      objectReference: {fileID: 0}
    - target: {fileID: 7614220933043329714, guid: 5f6eb892801324fc4ac55e1ec0767d63, type: 3}
      propertyPath: m_LocalRotation.w
      value: 0.7072302
      objectReference: {fileID: 0}
    - target: {fileID: 7614220933043329714, guid: 5f6eb892801324fc4ac55e1ec0767d63, type: 3}
      propertyPath: m_LocalRotation.x
      value: -0.7069834
      objectReference: {fileID: 0}
    - target: {fileID: 7614220933043329714, guid: 5f6eb892801324fc4ac55e1ec0767d63, type: 3}
      propertyPath: m_LocalRotation.y
      value: 0
      objectReference: {fileID: 0}
    - target: {fileID: 7614220933043329714, guid: 5f6eb892801324fc4ac55e1ec0767d63, type: 3}
      propertyPath: m_LocalRotation.z
      value: 0
      objectReference: {fileID: 0}
    - target: {fileID: 7614220933043329714, guid: 5f6eb892801324fc4ac55e1ec0767d63, type: 3}
      propertyPath: m_LocalEulerAnglesHint.x
      value: -89.98
      objectReference: {fileID: 0}
    - target: {fileID: 7614220933043329714, guid: 5f6eb892801324fc4ac55e1ec0767d63, type: 3}
      propertyPath: m_LocalEulerAnglesHint.y
      value: 0
      objectReference: {fileID: 0}
    - target: {fileID: 7614220933043329714, guid: 5f6eb892801324fc4ac55e1ec0767d63, type: 3}
      propertyPath: m_LocalEulerAnglesHint.z
      value: 0
      objectReference: {fileID: 0}
    m_RemovedComponents: []
    m_RemovedGameObjects: []
    m_AddedGameObjects: []
    m_AddedComponents: []
  m_SourcePrefab: {fileID: 100100000, guid: 5f6eb892801324fc4ac55e1ec0767d63, type: 3}
--- !u!4 &2726328476704560047 stripped
Transform:
  m_CorrespondingSourceObject: {fileID: 7614220933043329714, guid: 5f6eb892801324fc4ac55e1ec0767d63, type: 3}
  m_PrefabInstance: {fileID: 5512116595316869405}
  m_PrefabAsset: {fileID: 0}
--- !u!1001 &6679466838310071321
PrefabInstance:
  m_ObjectHideFlags: 0
  serializedVersion: 2
  m_Modification:
    serializedVersion: 3
    m_TransformParent: {fileID: 7765028452786107673}
    m_Modifications:
    - target: {fileID: 1295904187628084, guid: 24d5ab3d18c91fc41a2213a537e21ee7, type: 3}
      propertyPath: m_Name
      value: UI ProgressBarCircle
      objectReference: {fileID: 0}
    - target: {fileID: 1295904187628084, guid: 24d5ab3d18c91fc41a2213a537e21ee7, type: 3}
      propertyPath: m_IsActive
      value: 0
      objectReference: {fileID: 0}
    - target: {fileID: 1815267202919776, guid: 24d5ab3d18c91fc41a2213a537e21ee7, type: 3}
      propertyPath: m_IsActive
      value: 0
      objectReference: {fileID: 0}
    - target: {fileID: 224923131576229994, guid: 24d5ab3d18c91fc41a2213a537e21ee7, type: 3}
      propertyPath: m_Pivot.x
      value: 0.5
      objectReference: {fileID: 0}
    - target: {fileID: 224923131576229994, guid: 24d5ab3d18c91fc41a2213a537e21ee7, type: 3}
      propertyPath: m_Pivot.y
      value: 0.5
      objectReference: {fileID: 0}
    - target: {fileID: 224923131576229994, guid: 24d5ab3d18c91fc41a2213a537e21ee7, type: 3}
      propertyPath: m_AnchorMax.x
      value: 0.5
      objectReference: {fileID: 0}
    - target: {fileID: 224923131576229994, guid: 24d5ab3d18c91fc41a2213a537e21ee7, type: 3}
      propertyPath: m_AnchorMax.y
      value: 0.5
      objectReference: {fileID: 0}
    - target: {fileID: 224923131576229994, guid: 24d5ab3d18c91fc41a2213a537e21ee7, type: 3}
      propertyPath: m_AnchorMin.x
      value: 0.5
      objectReference: {fileID: 0}
    - target: {fileID: 224923131576229994, guid: 24d5ab3d18c91fc41a2213a537e21ee7, type: 3}
      propertyPath: m_AnchorMin.y
      value: 0.5
      objectReference: {fileID: 0}
    - target: {fileID: 224923131576229994, guid: 24d5ab3d18c91fc41a2213a537e21ee7, type: 3}
      propertyPath: m_SizeDelta.x
      value: 800.00006
      objectReference: {fileID: 0}
    - target: {fileID: 224923131576229994, guid: 24d5ab3d18c91fc41a2213a537e21ee7, type: 3}
      propertyPath: m_SizeDelta.y
      value: 466.89972
      objectReference: {fileID: 0}
    - target: {fileID: 224923131576229994, guid: 24d5ab3d18c91fc41a2213a537e21ee7, type: 3}
      propertyPath: m_LocalScale.x
      value: 0.03
      objectReference: {fileID: 0}
    - target: {fileID: 224923131576229994, guid: 24d5ab3d18c91fc41a2213a537e21ee7, type: 3}
      propertyPath: m_LocalScale.y
      value: 0.03
      objectReference: {fileID: 0}
    - target: {fileID: 224923131576229994, guid: 24d5ab3d18c91fc41a2213a537e21ee7, type: 3}
      propertyPath: m_LocalScale.z
      value: 0.04
      objectReference: {fileID: 0}
    - target: {fileID: 224923131576229994, guid: 24d5ab3d18c91fc41a2213a537e21ee7, type: 3}
      propertyPath: m_LocalPosition.x
      value: 0
      objectReference: {fileID: 0}
    - target: {fileID: 224923131576229994, guid: 24d5ab3d18c91fc41a2213a537e21ee7, type: 3}
      propertyPath: m_LocalPosition.y
      value: 0
      objectReference: {fileID: 0}
    - target: {fileID: 224923131576229994, guid: 24d5ab3d18c91fc41a2213a537e21ee7, type: 3}
      propertyPath: m_LocalPosition.z
      value: 0
      objectReference: {fileID: 0}
    - target: {fileID: 224923131576229994, guid: 24d5ab3d18c91fc41a2213a537e21ee7, type: 3}
      propertyPath: m_LocalRotation.w
      value: 1
      objectReference: {fileID: 0}
    - target: {fileID: 224923131576229994, guid: 24d5ab3d18c91fc41a2213a537e21ee7, type: 3}
      propertyPath: m_LocalRotation.x
      value: 0
      objectReference: {fileID: 0}
    - target: {fileID: 224923131576229994, guid: 24d5ab3d18c91fc41a2213a537e21ee7, type: 3}
      propertyPath: m_LocalRotation.y
      value: 0
      objectReference: {fileID: 0}
    - target: {fileID: 224923131576229994, guid: 24d5ab3d18c91fc41a2213a537e21ee7, type: 3}
      propertyPath: m_LocalRotation.z
      value: 0
      objectReference: {fileID: 0}
    - target: {fileID: 224923131576229994, guid: 24d5ab3d18c91fc41a2213a537e21ee7, type: 3}
      propertyPath: m_AnchoredPosition.x
      value: 0.37854004
      objectReference: {fileID: 0}
    - target: {fileID: 224923131576229994, guid: 24d5ab3d18c91fc41a2213a537e21ee7, type: 3}
      propertyPath: m_AnchoredPosition.y
      value: -1.5189209
      objectReference: {fileID: 0}
    - target: {fileID: 224923131576229994, guid: 24d5ab3d18c91fc41a2213a537e21ee7, type: 3}
      propertyPath: m_LocalEulerAnglesHint.x
      value: 0
      objectReference: {fileID: 0}
    - target: {fileID: 224923131576229994, guid: 24d5ab3d18c91fc41a2213a537e21ee7, type: 3}
      propertyPath: m_LocalEulerAnglesHint.y
      value: 0
      objectReference: {fileID: 0}
    - target: {fileID: 224923131576229994, guid: 24d5ab3d18c91fc41a2213a537e21ee7, type: 3}
      propertyPath: m_LocalEulerAnglesHint.z
      value: 0
      objectReference: {fileID: 0}
    - target: {fileID: 224923131576229994, guid: 24d5ab3d18c91fc41a2213a537e21ee7, type: 3}
      propertyPath: m_ConstrainProportionsScale
      value: 0
      objectReference: {fileID: 0}
    m_RemovedComponents: []
    m_RemovedGameObjects: []
    m_AddedGameObjects: []
    m_AddedComponents: []
  m_SourcePrefab: {fileID: 100100000, guid: 24d5ab3d18c91fc41a2213a537e21ee7, type: 3}
--- !u!224 &6894217002880568435 stripped
RectTransform:
  m_CorrespondingSourceObject: {fileID: 224923131576229994, guid: 24d5ab3d18c91fc41a2213a537e21ee7, type: 3}
  m_PrefabInstance: {fileID: 6679466838310071321}
  m_PrefabAsset: {fileID: 0}
--- !u!1001 &8918603508617431003
PrefabInstance:
  m_ObjectHideFlags: 0
  serializedVersion: 2
  m_Modification:
    serializedVersion: 3
    m_TransformParent: {fileID: 1335775406940114197}
    m_Modifications:
    - target: {fileID: 581815778664159689, guid: 520e571995703493689a450571a3d526, type: 3}
      propertyPath: m_LocalPosition.x
      value: 4.565
      objectReference: {fileID: 0}
    - target: {fileID: 581815778664159689, guid: 520e571995703493689a450571a3d526, type: 3}
      propertyPath: m_LocalPosition.y
      value: 1.2229999
      objectReference: {fileID: 0}
    - target: {fileID: 581815778664159689, guid: 520e571995703493689a450571a3d526, type: 3}
      propertyPath: m_LocalPosition.z
      value: -13.696999
      objectReference: {fileID: 0}
    - target: {fileID: 581815778664159689, guid: 520e571995703493689a450571a3d526, type: 3}
      propertyPath: m_LocalRotation.w
      value: 0.7072302
      objectReference: {fileID: 0}
    - target: {fileID: 581815778664159689, guid: 520e571995703493689a450571a3d526, type: 3}
      propertyPath: m_LocalRotation.x
      value: -0.7069834
      objectReference: {fileID: 0}
    - target: {fileID: 581815778664159689, guid: 520e571995703493689a450571a3d526, type: 3}
      propertyPath: m_LocalRotation.y
      value: 0
      objectReference: {fileID: 0}
    - target: {fileID: 581815778664159689, guid: 520e571995703493689a450571a3d526, type: 3}
      propertyPath: m_LocalRotation.z
      value: 0
      objectReference: {fileID: 0}
    - target: {fileID: 581815778664159689, guid: 520e571995703493689a450571a3d526, type: 3}
      propertyPath: m_LocalEulerAnglesHint.x
      value: -89.98
      objectReference: {fileID: 0}
    - target: {fileID: 581815778664159689, guid: 520e571995703493689a450571a3d526, type: 3}
      propertyPath: m_LocalEulerAnglesHint.y
      value: 0
      objectReference: {fileID: 0}
    - target: {fileID: 581815778664159689, guid: 520e571995703493689a450571a3d526, type: 3}
      propertyPath: m_LocalEulerAnglesHint.z
      value: 0
      objectReference: {fileID: 0}
    - target: {fileID: 2900316437166785913, guid: 520e571995703493689a450571a3d526, type: 3}
      propertyPath: m_Name
      value: Bed lv.3
      objectReference: {fileID: 0}
    - target: {fileID: 2900316437166785913, guid: 520e571995703493689a450571a3d526, type: 3}
      propertyPath: m_IsActive
      value: 0
      objectReference: {fileID: 0}
    m_RemovedComponents: []
    m_RemovedGameObjects: []
    m_AddedGameObjects: []
    m_AddedComponents: []
  m_SourcePrefab: {fileID: 100100000, guid: 520e571995703493689a450571a3d526, type: 3}
--- !u!4 &8346921620204379666 stripped
Transform:
  m_CorrespondingSourceObject: {fileID: 581815778664159689, guid: 520e571995703493689a450571a3d526, type: 3}
  m_PrefabInstance: {fileID: 8918603508617431003}
  m_PrefabAsset: {fileID: 0}
--- !u!1001 &9167505095118319262
PrefabInstance:
  m_ObjectHideFlags: 0
  serializedVersion: 2
  m_Modification:
    serializedVersion: 3
    m_TransformParent: {fileID: 1335775406940114197}
    m_Modifications:
    - target: {fileID: 1805917578758860440, guid: 140678066baba4a04b99a5463fe2af83, type: 3}
      propertyPath: m_Name
      value: Bed lv.1
      objectReference: {fileID: 0}
    - target: {fileID: 1805917578758860440, guid: 140678066baba4a04b99a5463fe2af83, type: 3}
      propertyPath: m_IsActive
      value: 0
      objectReference: {fileID: 0}
    - target: {fileID: 6373280098418125612, guid: 140678066baba4a04b99a5463fe2af83, type: 3}
      propertyPath: m_LocalPosition.x
      value: 4.51
      objectReference: {fileID: 0}
    - target: {fileID: 6373280098418125612, guid: 140678066baba4a04b99a5463fe2af83, type: 3}
      propertyPath: m_LocalPosition.y
      value: 0.448
      objectReference: {fileID: 0}
    - target: {fileID: 6373280098418125612, guid: 140678066baba4a04b99a5463fe2af83, type: 3}
      propertyPath: m_LocalPosition.z
      value: -13.78
      objectReference: {fileID: 0}
    - target: {fileID: 6373280098418125612, guid: 140678066baba4a04b99a5463fe2af83, type: 3}
      propertyPath: m_LocalRotation.w
      value: 0.7072302
      objectReference: {fileID: 0}
    - target: {fileID: 6373280098418125612, guid: 140678066baba4a04b99a5463fe2af83, type: 3}
      propertyPath: m_LocalRotation.x
      value: -0.7069834
      objectReference: {fileID: 0}
    - target: {fileID: 6373280098418125612, guid: 140678066baba4a04b99a5463fe2af83, type: 3}
      propertyPath: m_LocalRotation.y
      value: 0
      objectReference: {fileID: 0}
    - target: {fileID: 6373280098418125612, guid: 140678066baba4a04b99a5463fe2af83, type: 3}
      propertyPath: m_LocalRotation.z
      value: 0
      objectReference: {fileID: 0}
    - target: {fileID: 6373280098418125612, guid: 140678066baba4a04b99a5463fe2af83, type: 3}
      propertyPath: m_LocalEulerAnglesHint.x
      value: -89.98
      objectReference: {fileID: 0}
    - target: {fileID: 6373280098418125612, guid: 140678066baba4a04b99a5463fe2af83, type: 3}
      propertyPath: m_LocalEulerAnglesHint.y
      value: 0
      objectReference: {fileID: 0}
    - target: {fileID: 6373280098418125612, guid: 140678066baba4a04b99a5463fe2af83, type: 3}
      propertyPath: m_LocalEulerAnglesHint.z
      value: 0
      objectReference: {fileID: 0}
    m_RemovedComponents: []
    m_RemovedGameObjects: []
    m_AddedGameObjects: []
    m_AddedComponents: []
  m_SourcePrefab: {fileID: 100100000, guid: 140678066baba4a04b99a5463fe2af83, type: 3}
--- !u!4 &2831626396556264882 stripped
Transform:
  m_CorrespondingSourceObject: {fileID: 6373280098418125612, guid: 140678066baba4a04b99a5463fe2af83, type: 3}
  m_PrefabInstance: {fileID: 9167505095118319262}
  m_PrefabAsset: {fileID: 0}
