%YAML 1.1
%TAG !u! tag:unity3d.com,2011:
--- !u!1 &6909695540397220305
GameObject:
  m_ObjectHideFlags: 0
  m_CorrespondingSourceObject: {fileID: 0}
  m_PrefabInstance: {fileID: 0}
  m_PrefabAsset: {fileID: 0}
  serializedVersion: 6
  m_Component:
  - component: {fileID: 2533399069174432967}
  - component: {fileID: 1599883421701190336}
  - component: {fileID: 4055984731850883053}
  - component: {fileID: 5598082101246051910}
  - component: {fileID: 3063899543936885900}
  m_Layer: 0
  m_Name: Canvas
  m_TagString: Untagged
  m_Icon: {fileID: 0}
  m_NavMeshLayer: 0
  m_StaticEditorFlags: 0
  m_IsActive: 1
--- !u!224 &2533399069174432967
RectTransform:
  m_ObjectHideFlags: 0
  m_CorrespondingSourceObject: {fileID: 0}
  m_PrefabInstance: {fileID: 0}
  m_PrefabAsset: {fileID: 0}
  m_GameObject: {fileID: 6909695540397220305}
  m_LocalRotation: {x: -0, y: 0.7071068, z: -0, w: 0.7071068}
  m_LocalPosition: {x: 0, y: 0, z: -5.140528}
  m_LocalScale: {x: 0.0024999997, y: 0.0025, z: 0.0038414998}
  m_ConstrainProportionsScale: 0
  m_Children:
  - {fileID: 5754836941079345541}
  m_Father: {fileID: 8753395152568486550}
  m_LocalEulerAnglesHint: {x: 0, y: 90, z: 0}
  m_AnchorMin: {x: 0, y: 0}
  m_AnchorMax: {x: 0, y: 0}
  m_AnchoredPosition: {x: 1.5451033, y: 2.6618543}
  m_SizeDelta: {x: 196.9396, y: 192.2072}
  m_Pivot: {x: 0.5, y: 0.5}
--- !u!223 &1599883421701190336
Canvas:
  m_ObjectHideFlags: 0
  m_CorrespondingSourceObject: {fileID: 0}
  m_PrefabInstance: {fileID: 0}
  m_PrefabAsset: {fileID: 0}
  m_GameObject: {fileID: 6909695540397220305}
  m_Enabled: 1
  serializedVersion: 3
  m_RenderMode: 2
  m_Camera: {fileID: 0}
  m_PlaneDistance: 100
  m_PixelPerfect: 0
  m_ReceivesEvents: 1
  m_OverrideSorting: 0
  m_OverridePixelPerfect: 0
  m_SortingBucketNormalizedSize: 0
  m_VertexColorAlwaysGammaSpace: 0
  m_AdditionalShaderChannelsFlag: 0
  m_UpdateRectTransformForStandalone: 0
  m_SortingLayerID: 0
  m_SortingOrder: 0
  m_TargetDisplay: 0
--- !u!114 &4055984731850883053
MonoBehaviour:
  m_ObjectHideFlags: 0
  m_CorrespondingSourceObject: {fileID: 0}
  m_PrefabInstance: {fileID: 0}
  m_PrefabAsset: {fileID: 0}
  m_GameObject: {fileID: 6909695540397220305}
  m_Enabled: 1
  m_EditorHideFlags: 0
  m_Script: {fileID: 11500000, guid: 0cd44c1031e13a943bb63640046fad76, type: 3}
  m_Name: 
  m_EditorClassIdentifier: 
  m_UiScaleMode: 1
  m_ReferencePixelsPerUnit: 100
  m_ScaleFactor: 1
  m_ReferenceResolution: {x: 800, y: 600}
  m_ScreenMatchMode: 0
  m_MatchWidthOrHeight: 0
  m_PhysicalUnit: 3
  m_FallbackScreenDPI: 96
  m_DefaultSpriteDPI: 96
  m_DynamicPixelsPerUnit: 1
  m_PresetInfoIsWorld: 1
--- !u!114 &5598082101246051910
MonoBehaviour:
  m_ObjectHideFlags: 0
  m_CorrespondingSourceObject: {fileID: 0}
  m_PrefabInstance: {fileID: 0}
  m_PrefabAsset: {fileID: 0}
  m_GameObject: {fileID: 6909695540397220305}
  m_Enabled: 1
  m_EditorHideFlags: 0
  m_Script: {fileID: 11500000, guid: dc42784cf147c0c48a680349fa168899, type: 3}
  m_Name: 
  m_EditorClassIdentifier: 
  m_IgnoreReversedGraphics: 1
  m_BlockingObjects: 0
  m_BlockingMask:
    serializedVersion: 2
    m_Bits: 4294967295
--- !u!114 &3063899543936885900
MonoBehaviour:
  m_ObjectHideFlags: 0
  m_CorrespondingSourceObject: {fileID: 0}
  m_PrefabInstance: {fileID: 0}
  m_PrefabAsset: {fileID: 0}
  m_GameObject: {fileID: 6909695540397220305}
  m_Enabled: 1
  m_EditorHideFlags: 0
  m_Script: {fileID: 11500000, guid: 97424199c27b57c45bcc166d675dabaa, type: 3}
  m_Name: 
  m_EditorClassIdentifier: 
--- !u!1 &7125792318967111316
GameObject:
  m_ObjectHideFlags: 0
  m_CorrespondingSourceObject: {fileID: 0}
  m_PrefabInstance: {fileID: 0}
  m_PrefabAsset: {fileID: 0}
  serializedVersion: 6
  m_Component:
  - component: {fileID: 8753395152568486550}
  m_Layer: 0
  m_Name: obj
  m_TagString: Untagged
  m_Icon: {fileID: 0}
  m_NavMeshLayer: 0
  m_StaticEditorFlags: 0
  m_IsActive: 1
--- !u!4 &8753395152568486550
Transform:
  m_ObjectHideFlags: 0
  m_CorrespondingSourceObject: {fileID: 0}
  m_PrefabInstance: {fileID: 0}
  m_PrefabAsset: {fileID: 0}
  m_GameObject: {fileID: 7125792318967111316}
  serializedVersion: 2
  m_LocalRotation: {x: 0, y: 0, z: 0, w: 1}
  m_LocalPosition: {x: 4.3, y: -1.24, z: 0.07}
  m_LocalScale: {x: 1, y: 1, z: 1}
  m_ConstrainProportionsScale: 0
  m_Children:
  - {fileID: 268375503579563243}
  - {fileID: 3119812042383373174}
  - {fileID: 2533399069174432967}
  m_Father: {fileID: 0}
  m_LocalEulerAnglesHint: {x: 0, y: 0, z: 0}
--- !u!1 &8916861858541657926
GameObject:
  m_ObjectHideFlags: 0
  m_CorrespondingSourceObject: {fileID: 0}
  m_PrefabInstance: {fileID: 0}
  m_PrefabAsset: {fileID: 0}
  serializedVersion: 6
  m_Component:
  - component: {fileID: 3119812042383373174}
  - component: {fileID: 7743661427250201037}
  m_Layer: 0
  m_Name: obj
  m_TagString: Building
  m_Icon: {fileID: 0}
  m_NavMeshLayer: 0
  m_StaticEditorFlags: 0
  m_IsActive: 0
--- !u!4 &3119812042383373174
Transform:
  m_ObjectHideFlags: 0
  m_CorrespondingSourceObject: {fileID: 0}
  m_PrefabInstance: {fileID: 0}
  m_PrefabAsset: {fileID: 0}
  m_GameObject: {fileID: 8916861858541657926}
  serializedVersion: 2
  m_LocalRotation: {x: -0, y: -0, z: -0, w: 1}
  m_LocalPosition: {x: -3.6778, y: 1.01, z: 8.570473}
  m_LocalScale: {x: 1.5366, y: 1, z: 1}
  m_ConstrainProportionsScale: 0
  m_Children:
  - {fileID: 5522343942592815798}
  - {fileID: 783653775196243726}
  - {fileID: 917307592851149267}
  m_Father: {fileID: 8753395152568486550}
  m_LocalEulerAnglesHint: {x: 0, y: 0, z: 0}
--- !u!114 &7743661427250201037
MonoBehaviour:
  m_ObjectHideFlags: 0
  m_CorrespondingSourceObject: {fileID: 0}
  m_PrefabInstance: {fileID: 0}
  m_PrefabAsset: {fileID: 0}
  m_GameObject: {fileID: 8916861858541657926}
  m_Enabled: 1
  m_EditorHideFlags: 0
  m_Script: {fileID: 11500000, guid: 80207bc39ed98bf4a8fc917a0c1b8307, type: 3}
  m_Name: 
  m_EditorClassIdentifier: 
  initialCounter: 3
  returns:
  - 125
  - 130
  - 135
  eachStageform:
  - {fileID: 0}
  - {fileID: 0}
  - {fileID: 0}
  level: 0
  buildingName: Shelf
  upgradeCost: 110
  itemIndex: 0
  QueueSpawn: {fileID: 2168614924131450782, guid: 47d9f50a8ecb749428c40829a2bf7006, type: 3}
  maxLevel: 3
--- !u!1001 &195977845052016990
PrefabInstance:
  m_ObjectHideFlags: 0
  serializedVersion: 2
  m_Modification:
    serializedVersion: 3
    m_TransformParent: {fileID: 3119812042383373174}
    m_Modifications:
    - target: {fileID: 601327561474788944, guid: 845761de889d64fd4b41fae837287e43, type: 3}
      propertyPath: m_LocalPosition.x
      value: 4.151
      objectReference: {fileID: 0}
    - target: {fileID: 601327561474788944, guid: 845761de889d64fd4b41fae837287e43, type: 3}
      propertyPath: m_LocalPosition.y
      value: 1.304
      objectReference: {fileID: 0}
    - target: {fileID: 601327561474788944, guid: 845761de889d64fd4b41fae837287e43, type: 3}
      propertyPath: m_LocalPosition.z
      value: -13.695999
      objectReference: {fileID: 0}
    - target: {fileID: 601327561474788944, guid: 845761de889d64fd4b41fae837287e43, type: 3}
      propertyPath: m_LocalRotation.w
      value: -0.5
      objectReference: {fileID: 0}
    - target: {fileID: 601327561474788944, guid: 845761de889d64fd4b41fae837287e43, type: 3}
      propertyPath: m_LocalRotation.x
      value: 0.5
      objectReference: {fileID: 0}
    - target: {fileID: 601327561474788944, guid: 845761de889d64fd4b41fae837287e43, type: 3}
      propertyPath: m_LocalRotation.y
      value: 0.5
      objectReference: {fileID: 0}
    - target: {fileID: 601327561474788944, guid: 845761de889d64fd4b41fae837287e43, type: 3}
      propertyPath: m_LocalRotation.z
      value: 0.5
      objectReference: {fileID: 0}
    - target: {fileID: 601327561474788944, guid: 845761de889d64fd4b41fae837287e43, type: 3}
      propertyPath: m_LocalEulerAnglesHint.x
      value: 270
      objectReference: {fileID: 0}
    - target: {fileID: 601327561474788944, guid: 845761de889d64fd4b41fae837287e43, type: 3}
      propertyPath: m_LocalEulerAnglesHint.y
      value: -90
      objectReference: {fileID: 0}
    - target: {fileID: 601327561474788944, guid: 845761de889d64fd4b41fae837287e43, type: 3}
      propertyPath: m_LocalEulerAnglesHint.z
      value: 0
      objectReference: {fileID: 0}
    - target: {fileID: 5740412122136132356, guid: 845761de889d64fd4b41fae837287e43, type: 3}
      propertyPath: m_Name
      value: obj lv.2
      objectReference: {fileID: 0}
    - target: {fileID: 5740412122136132356, guid: 845761de889d64fd4b41fae837287e43, type: 3}
      propertyPath: m_IsActive
      value: 0
      objectReference: {fileID: 0}
    m_RemovedComponents: []
    m_RemovedGameObjects: []
    m_AddedGameObjects: []
    m_AddedComponents: []
  m_SourcePrefab: {fileID: 100100000, guid: 845761de889d64fd4b41fae837287e43, type: 3}
--- !u!4 &783653775196243726 stripped
Transform:
  m_CorrespondingSourceObject: {fileID: 601327561474788944, guid: 845761de889d64fd4b41fae837287e43, type: 3}
  m_PrefabInstance: {fileID: 195977845052016990}
  m_PrefabAsset: {fileID: 0}
--- !u!1001 &411091173270530519
PrefabInstance:
  m_ObjectHideFlags: 0
  serializedVersion: 2
  m_Modification:
    serializedVersion: 3
    m_TransformParent: {fileID: 8753395152568486550}
    m_Modifications:
    - target: {fileID: 436017002202557756, guid: c113ba8c306914b32a89a75d2ad49906, type: 3}
      propertyPath: m_LocalScale.y
      value: -18.086994
      objectReference: {fileID: 0}
    - target: {fileID: 436017002202557756, guid: c113ba8c306914b32a89a75d2ad49906, type: 3}
      propertyPath: m_LocalScale.z
      value: -18.086994
      objectReference: {fileID: 0}
    - target: {fileID: 436017002202557756, guid: c113ba8c306914b32a89a75d2ad49906, type: 3}
      propertyPath: m_LocalPosition.x
      value: 0.4173577
      objectReference: {fileID: 0}
    - target: {fileID: 436017002202557756, guid: c113ba8c306914b32a89a75d2ad49906, type: 3}
      propertyPath: m_LocalPosition.y
      value: 1.26
      objectReference: {fileID: 0}
    - target: {fileID: 436017002202557756, guid: c113ba8c306914b32a89a75d2ad49906, type: 3}
      propertyPath: m_LocalPosition.z
      value: -5.15
      objectReference: {fileID: 0}
    - target: {fileID: 436017002202557756, guid: c113ba8c306914b32a89a75d2ad49906, type: 3}
      propertyPath: m_LocalRotation.w
      value: 0.7071067
      objectReference: {fileID: 0}
    - target: {fileID: 436017002202557756, guid: c113ba8c306914b32a89a75d2ad49906, type: 3}
      propertyPath: m_LocalRotation.x
      value: -0.7071068
      objectReference: {fileID: 0}
    - target: {fileID: 436017002202557756, guid: c113ba8c306914b32a89a75d2ad49906, type: 3}
      propertyPath: m_LocalRotation.y
      value: -0
      objectReference: {fileID: 0}
    - target: {fileID: 436017002202557756, guid: c113ba8c306914b32a89a75d2ad49906, type: 3}
      propertyPath: m_LocalRotation.z
      value: -0
      objectReference: {fileID: 0}
    - target: {fileID: 436017002202557756, guid: c113ba8c306914b32a89a75d2ad49906, type: 3}
      propertyPath: m_LocalEulerAnglesHint.x
      value: 0
      objectReference: {fileID: 0}
    - target: {fileID: 436017002202557756, guid: c113ba8c306914b32a89a75d2ad49906, type: 3}
      propertyPath: m_LocalEulerAnglesHint.y
      value: 0
      objectReference: {fileID: 0}
    - target: {fileID: 436017002202557756, guid: c113ba8c306914b32a89a75d2ad49906, type: 3}
      propertyPath: m_LocalEulerAnglesHint.z
      value: 0
      objectReference: {fileID: 0}
    - target: {fileID: 2694085375345690073, guid: c113ba8c306914b32a89a75d2ad49906, type: 3}
      propertyPath: m_Name
      value: obj 40$
      objectReference: {fileID: 0}
    - target: {fileID: 3245363349315703390, guid: c113ba8c306914b32a89a75d2ad49906, type: 3}
      propertyPath: price
      value: 40
      objectReference: {fileID: 0}
    - target: {fileID: 3245363349315703390, guid: c113ba8c306914b32a89a75d2ad49906, type: 3}
      propertyPath: Building
      value: 
      objectReference: {fileID: 8916861858541657926}
    m_RemovedComponents: []
    m_RemovedGameObjects: []
    m_AddedGameObjects: []
    m_AddedComponents: []
  m_SourcePrefab: {fileID: 100100000, guid: c113ba8c306914b32a89a75d2ad49906, type: 3}
--- !u!4 &268375503579563243 stripped
Transform:
  m_CorrespondingSourceObject: {fileID: 436017002202557756, guid: c113ba8c306914b32a89a75d2ad49906, type: 3}
  m_PrefabInstance: {fileID: 411091173270530519}
  m_PrefabAsset: {fileID: 0}
--- !u!1001 &3810061210707876016
PrefabInstance:
  m_ObjectHideFlags: 0
  serializedVersion: 2
  m_Modification:
    serializedVersion: 3
    m_TransformParent: {fileID: 3119812042383373174}
    m_Modifications:
    - target: {fileID: 1469886290960226612, guid: f414063799a9c4261899b11b1c9da9c6, type: 3}
      propertyPath: m_Name
      value: obj lv.3
      objectReference: {fileID: 0}
    - target: {fileID: 1469886290960226612, guid: f414063799a9c4261899b11b1c9da9c6, type: 3}
      propertyPath: m_IsActive
      value: 0
      objectReference: {fileID: 0}
    - target: {fileID: 4060804413232875875, guid: f414063799a9c4261899b11b1c9da9c6, type: 3}
      propertyPath: m_LocalPosition.x
      value: 4.149
      objectReference: {fileID: 0}
    - target: {fileID: 4060804413232875875, guid: f414063799a9c4261899b11b1c9da9c6, type: 3}
      propertyPath: m_LocalPosition.y
      value: 1.3740001
      objectReference: {fileID: 0}
    - target: {fileID: 4060804413232875875, guid: f414063799a9c4261899b11b1c9da9c6, type: 3}
      propertyPath: m_LocalPosition.z
      value: -13.71
      objectReference: {fileID: 0}
    - target: {fileID: 4060804413232875875, guid: f414063799a9c4261899b11b1c9da9c6, type: 3}
      propertyPath: m_LocalRotation.w
      value: -0.5
      objectReference: {fileID: 0}
    - target: {fileID: 4060804413232875875, guid: f414063799a9c4261899b11b1c9da9c6, type: 3}
      propertyPath: m_LocalRotation.x
      value: 0.5
      objectReference: {fileID: 0}
    - target: {fileID: 4060804413232875875, guid: f414063799a9c4261899b11b1c9da9c6, type: 3}
      propertyPath: m_LocalRotation.y
      value: 0.5
      objectReference: {fileID: 0}
    - target: {fileID: 4060804413232875875, guid: f414063799a9c4261899b11b1c9da9c6, type: 3}
      propertyPath: m_LocalRotation.z
      value: 0.5
      objectReference: {fileID: 0}
    - target: {fileID: 4060804413232875875, guid: f414063799a9c4261899b11b1c9da9c6, type: 3}
      propertyPath: m_LocalEulerAnglesHint.x
      value: 270
      objectReference: {fileID: 0}
    - target: {fileID: 4060804413232875875, guid: f414063799a9c4261899b11b1c9da9c6, type: 3}
      propertyPath: m_LocalEulerAnglesHint.y
      value: -90
      objectReference: {fileID: 0}
    - target: {fileID: 4060804413232875875, guid: f414063799a9c4261899b11b1c9da9c6, type: 3}
      propertyPath: m_LocalEulerAnglesHint.z
      value: 0
      objectReference: {fileID: 0}
    m_RemovedComponents: []
    m_RemovedGameObjects: []
    m_AddedGameObjects: []
    m_AddedComponents: []
  m_SourcePrefab: {fileID: 100100000, guid: f414063799a9c4261899b11b1c9da9c6, type: 3}
--- !u!4 &917307592851149267 stripped
Transform:
  m_CorrespondingSourceObject: {fileID: 4060804413232875875, guid: f414063799a9c4261899b11b1c9da9c6, type: 3}
  m_PrefabInstance: {fileID: 3810061210707876016}
  m_PrefabAsset: {fileID: 0}
--- !u!1001 &5531088640967105007
PrefabInstance:
  m_ObjectHideFlags: 0
  serializedVersion: 2
  m_Modification:
    serializedVersion: 3
    m_TransformParent: {fileID: 2533399069174432967}
    m_Modifications:
    - target: {fileID: 1295904187628084, guid: 24d5ab3d18c91fc41a2213a537e21ee7, type: 3}
      propertyPath: m_Name
      value: UI ProgressBarCircle
      objectReference: {fileID: 0}
    - target: {fileID: 1295904187628084, guid: 24d5ab3d18c91fc41a2213a537e21ee7, type: 3}
      propertyPath: m_IsActive
      value: 0
      objectReference: {fileID: 0}
    - target: {fileID: 1815267202919776, guid: 24d5ab3d18c91fc41a2213a537e21ee7, type: 3}
      propertyPath: m_IsActive
      value: 0
      objectReference: {fileID: 0}
    - target: {fileID: 224923131576229994, guid: 24d5ab3d18c91fc41a2213a537e21ee7, type: 3}
      propertyPath: m_Pivot.x
      value: 0.5
      objectReference: {fileID: 0}
    - target: {fileID: 224923131576229994, guid: 24d5ab3d18c91fc41a2213a537e21ee7, type: 3}
      propertyPath: m_Pivot.y
      value: 0.5
      objectReference: {fileID: 0}
    - target: {fileID: 224923131576229994, guid: 24d5ab3d18c91fc41a2213a537e21ee7, type: 3}
      propertyPath: m_AnchorMax.x
      value: 0.5
      objectReference: {fileID: 0}
    - target: {fileID: 224923131576229994, guid: 24d5ab3d18c91fc41a2213a537e21ee7, type: 3}
      propertyPath: m_AnchorMax.y
      value: 0.5
      objectReference: {fileID: 0}
    - target: {fileID: 224923131576229994, guid: 24d5ab3d18c91fc41a2213a537e21ee7, type: 3}
      propertyPath: m_AnchorMin.x
      value: 0.5
      objectReference: {fileID: 0}
    - target: {fileID: 224923131576229994, guid: 24d5ab3d18c91fc41a2213a537e21ee7, type: 3}
      propertyPath: m_AnchorMin.y
      value: 0.5
      objectReference: {fileID: 0}
    - target: {fileID: 224923131576229994, guid: 24d5ab3d18c91fc41a2213a537e21ee7, type: 3}
      propertyPath: m_SizeDelta.x
      value: 800.00006
      objectReference: {fileID: 0}
    - target: {fileID: 224923131576229994, guid: 24d5ab3d18c91fc41a2213a537e21ee7, type: 3}
      propertyPath: m_SizeDelta.y
      value: 466.89972
      objectReference: {fileID: 0}
    - target: {fileID: 224923131576229994, guid: 24d5ab3d18c91fc41a2213a537e21ee7, type: 3}
      propertyPath: m_LocalScale.x
      value: 0.03
      objectReference: {fileID: 0}
    - target: {fileID: 224923131576229994, guid: 24d5ab3d18c91fc41a2213a537e21ee7, type: 3}
      propertyPath: m_LocalScale.y
      value: 0.03
      objectReference: {fileID: 0}
    - target: {fileID: 224923131576229994, guid: 24d5ab3d18c91fc41a2213a537e21ee7, type: 3}
      propertyPath: m_LocalScale.z
      value: 0.04
      objectReference: {fileID: 0}
    - target: {fileID: 224923131576229994, guid: 24d5ab3d18c91fc41a2213a537e21ee7, type: 3}
      propertyPath: m_LocalPosition.x
      value: 0
      objectReference: {fileID: 0}
    - target: {fileID: 224923131576229994, guid: 24d5ab3d18c91fc41a2213a537e21ee7, type: 3}
      propertyPath: m_LocalPosition.y
      value: 0
      objectReference: {fileID: 0}
    - target: {fileID: 224923131576229994, guid: 24d5ab3d18c91fc41a2213a537e21ee7, type: 3}
      propertyPath: m_LocalPosition.z
      value: 0
      objectReference: {fileID: 0}
    - target: {fileID: 224923131576229994, guid: 24d5ab3d18c91fc41a2213a537e21ee7, type: 3}
      propertyPath: m_LocalRotation.w
      value: 1
      objectReference: {fileID: 0}
    - target: {fileID: 224923131576229994, guid: 24d5ab3d18c91fc41a2213a537e21ee7, type: 3}
      propertyPath: m_LocalRotation.x
      value: 0
      objectReference: {fileID: 0}
    - target: {fileID: 224923131576229994, guid: 24d5ab3d18c91fc41a2213a537e21ee7, type: 3}
      propertyPath: m_LocalRotation.y
      value: 0
      objectReference: {fileID: 0}
    - target: {fileID: 224923131576229994, guid: 24d5ab3d18c91fc41a2213a537e21ee7, type: 3}
      propertyPath: m_LocalRotation.z
      value: 0
      objectReference: {fileID: 0}
    - target: {fileID: 224923131576229994, guid: 24d5ab3d18c91fc41a2213a537e21ee7, type: 3}
      propertyPath: m_AnchoredPosition.x
      value: 0.37854004
      objectReference: {fileID: 0}
    - target: {fileID: 224923131576229994, guid: 24d5ab3d18c91fc41a2213a537e21ee7, type: 3}
      propertyPath: m_AnchoredPosition.y
      value: -1.5189209
      objectReference: {fileID: 0}
    - target: {fileID: 224923131576229994, guid: 24d5ab3d18c91fc41a2213a537e21ee7, type: 3}
      propertyPath: m_LocalEulerAnglesHint.x
      value: 0
      objectReference: {fileID: 0}
    - target: {fileID: 224923131576229994, guid: 24d5ab3d18c91fc41a2213a537e21ee7, type: 3}
      propertyPath: m_LocalEulerAnglesHint.y
      value: 0
      objectReference: {fileID: 0}
    - target: {fileID: 224923131576229994, guid: 24d5ab3d18c91fc41a2213a537e21ee7, type: 3}
      propertyPath: m_LocalEulerAnglesHint.z
      value: 0
      objectReference: {fileID: 0}
    - target: {fileID: 224923131576229994, guid: 24d5ab3d18c91fc41a2213a537e21ee7, type: 3}
      propertyPath: m_ConstrainProportionsScale
      value: 0
      objectReference: {fileID: 0}
    m_RemovedComponents: []
    m_RemovedGameObjects: []
    m_AddedGameObjects: []
    m_AddedComponents: []
  m_SourcePrefab: {fileID: 100100000, guid: 24d5ab3d18c91fc41a2213a537e21ee7, type: 3}
--- !u!224 &5754836941079345541 stripped
RectTransform:
  m_CorrespondingSourceObject: {fileID: 224923131576229994, guid: 24d5ab3d18c91fc41a2213a537e21ee7, type: 3}
  m_PrefabInstance: {fileID: 5531088640967105007}
  m_PrefabAsset: {fileID: 0}
--- !u!1001 &8696539731057677540
PrefabInstance:
  m_ObjectHideFlags: 0
  serializedVersion: 2
  m_Modification:
    serializedVersion: 3
    m_TransformParent: {fileID: 3119812042383373174}
    m_Modifications:
    - target: {fileID: 3752376181283223122, guid: 639e1b361af954d3687b6814d4629e6c, type: 3}
      propertyPath: m_LocalPosition.x
      value: 4.139
      objectReference: {fileID: 0}
    - target: {fileID: 3752376181283223122, guid: 639e1b361af954d3687b6814d4629e6c, type: 3}
      propertyPath: m_LocalPosition.y
      value: 1.2999998
      objectReference: {fileID: 0}
    - target: {fileID: 3752376181283223122, guid: 639e1b361af954d3687b6814d4629e6c, type: 3}
      propertyPath: m_LocalPosition.z
      value: -13.73
      objectReference: {fileID: 0}
    - target: {fileID: 3752376181283223122, guid: 639e1b361af954d3687b6814d4629e6c, type: 3}
      propertyPath: m_LocalRotation.w
      value: -0.5
      objectReference: {fileID: 0}
    - target: {fileID: 3752376181283223122, guid: 639e1b361af954d3687b6814d4629e6c, type: 3}
      propertyPath: m_LocalRotation.x
      value: 0.5
      objectReference: {fileID: 0}
    - target: {fileID: 3752376181283223122, guid: 639e1b361af954d3687b6814d4629e6c, type: 3}
      propertyPath: m_LocalRotation.y
      value: 0.5
      objectReference: {fileID: 0}
    - target: {fileID: 3752376181283223122, guid: 639e1b361af954d3687b6814d4629e6c, type: 3}
      propertyPath: m_LocalRotation.z
      value: 0.5
      objectReference: {fileID: 0}
    - target: {fileID: 3752376181283223122, guid: 639e1b361af954d3687b6814d4629e6c, type: 3}
      propertyPath: m_LocalEulerAnglesHint.x
      value: 270
      objectReference: {fileID: 0}
    - target: {fileID: 3752376181283223122, guid: 639e1b361af954d3687b6814d4629e6c, type: 3}
      propertyPath: m_LocalEulerAnglesHint.y
      value: -90
      objectReference: {fileID: 0}
    - target: {fileID: 3752376181283223122, guid: 639e1b361af954d3687b6814d4629e6c, type: 3}
      propertyPath: m_LocalEulerAnglesHint.z
      value: 0
      objectReference: {fileID: 0}
    - target: {fileID: 7711881970085710351, guid: 639e1b361af954d3687b6814d4629e6c, type: 3}
      propertyPath: m_Name
      value: obj lv.1
      objectReference: {fileID: 0}
    - target: {fileID: 7711881970085710351, guid: 639e1b361af954d3687b6814d4629e6c, type: 3}
      propertyPath: m_IsActive
      value: 0
      objectReference: {fileID: 0}
    m_RemovedComponents: []
    m_RemovedGameObjects: []
    m_AddedGameObjects: []
    m_AddedComponents: []
  m_SourcePrefab: {fileID: 100100000, guid: 639e1b361af954d3687b6814d4629e6c, type: 3}
--- !u!4 &5522343942592815798 stripped
Transform:
  m_CorrespondingSourceObject: {fileID: 3752376181283223122, guid: 639e1b361af954d3687b6814d4629e6c, type: 3}
  m_PrefabInstance: {fileID: 8696539731057677540}
  m_PrefabAsset: {fileID: 0}
