%YAML 1.1
%TAG !u! tag:unity3d.com,2011:
--- !u!1 &123591436146509178
GameObject:
  m_ObjectHideFlags: 0
  m_CorrespondingSourceObject: {fileID: 0}
  m_PrefabInstance: {fileID: 0}
  m_PrefabAsset: {fileID: 0}
  serializedVersion: 6
  m_Component:
  - component: {fileID: 4084090613358312855}
  m_Layer: 0
  m_Name: mixamorig:LeftHandIndex2
  m_TagString: Untagged
  m_Icon: {fileID: 0}
  m_NavMeshLayer: 0
  m_StaticEditorFlags: 0
  m_IsActive: 1
--- !u!4 &4084090613358312855
Transform:
  m_ObjectHideFlags: 0
  m_CorrespondingSourceObject: {fileID: 0}
  m_PrefabInstance: {fileID: 0}
  m_PrefabAsset: {fileID: 0}
  m_GameObject: {fileID: 123591436146509178}
  serializedVersion: 2
  m_LocalRotation: {x: 0.00000022570433, y: -0.00000070156455, z: 0.0004196465, w: 0.99999994}
  m_LocalPosition: {x: -0.000010061399, y: 0.02844877, z: -1.9786625e-11}
  m_LocalScale: {x: 1, y: 1, z: 1}
  m_ConstrainProportionsScale: 0
  m_Children:
  - {fileID: 3039161725653947307}
  m_Father: {fileID: 2256573689624760436}
  m_LocalEulerAnglesHint: {x: 0, y: 0, z: 0}
--- !u!1 &157458583733940801
GameObject:
  m_ObjectHideFlags: 0
  m_CorrespondingSourceObject: {fileID: 0}
  m_PrefabInstance: {fileID: 0}
  m_PrefabAsset: {fileID: 0}
  serializedVersion: 6
  m_Component:
  - component: {fileID: 3479148194866467646}
  m_Layer: 0
  m_Name: mixamorig:LeftFoot
  m_TagString: Untagged
  m_Icon: {fileID: 0}
  m_NavMeshLayer: 0
  m_StaticEditorFlags: 0
  m_IsActive: 1
--- !u!4 &3479148194866467646
Transform:
  m_ObjectHideFlags: 0
  m_CorrespondingSourceObject: {fileID: 0}
  m_PrefabInstance: {fileID: 0}
  m_PrefabAsset: {fileID: 0}
  m_GameObject: {fileID: 157458583733940801}
  serializedVersion: 2
  m_LocalRotation: {x: 0.49504516, y: -0.00061484915, z: -0.0072474666, w: 0.8688368}
  m_LocalPosition: {x: 0.000060182087, y: 0.33063105, z: 0.000039445054}
  m_LocalScale: {x: 1, y: 1, z: 1}
  m_ConstrainProportionsScale: 0
  m_Children:
  - {fileID: 2173783535121156227}
  m_Father: {fileID: 8585055885294176543}
  m_LocalEulerAnglesHint: {x: 0, y: 0, z: 0}
--- !u!1 &439873630399273936
GameObject:
  m_ObjectHideFlags: 0
  m_CorrespondingSourceObject: {fileID: 0}
  m_PrefabInstance: {fileID: 0}
  m_PrefabAsset: {fileID: 0}
  serializedVersion: 6
  m_Component:
  - component: {fileID: 3039161725653947307}
  m_Layer: 0
  m_Name: mixamorig:LeftHandIndex3
  m_TagString: Untagged
  m_Icon: {fileID: 0}
  m_NavMeshLayer: 0
  m_StaticEditorFlags: 0
  m_IsActive: 1
--- !u!4 &3039161725653947307
Transform:
  m_ObjectHideFlags: 0
  m_CorrespondingSourceObject: {fileID: 0}
  m_PrefabInstance: {fileID: 0}
  m_PrefabAsset: {fileID: 0}
  m_GameObject: {fileID: 439873630399273936}
  serializedVersion: 2
  m_LocalRotation: {x: -0.00000013562696, y: 0.0000012084106, z: -0.0003091693, w: 0.99999994}
  m_LocalPosition: {x: 0.000013026647, y: 0.02665495, z: -2.30429e-12}
  m_LocalScale: {x: 1, y: 1, z: 1}
  m_ConstrainProportionsScale: 0
  m_Children:
  - {fileID: 4169720964165764036}
  m_Father: {fileID: 4084090613358312855}
  m_LocalEulerAnglesHint: {x: 0, y: 0, z: 0}
--- !u!1 &470278572300763193
GameObject:
  m_ObjectHideFlags: 0
  m_CorrespondingSourceObject: {fileID: 0}
  m_PrefabInstance: {fileID: 0}
  m_PrefabAsset: {fileID: 0}
  serializedVersion: 6
  m_Component:
  - component: {fileID: 3734779251249741111}
  m_Layer: 0
  m_Name: mixamorig:RightHandThumb1
  m_TagString: Untagged
  m_Icon: {fileID: 0}
  m_NavMeshLayer: 0
  m_StaticEditorFlags: 0
  m_IsActive: 1
--- !u!4 &3734779251249741111
Transform:
  m_ObjectHideFlags: 0
  m_CorrespondingSourceObject: {fileID: 0}
  m_PrefabInstance: {fileID: 0}
  m_PrefabAsset: {fileID: 0}
  m_GameObject: {fileID: 470278572300763193}
  serializedVersion: 2
  m_LocalRotation: {x: 0.20544125, y: 0.08459376, z: 0.25473186, w: 0.9411427}
  m_LocalPosition: {x: -0.020620085, y: 0.021477055, z: 0.012410406}
  m_LocalScale: {x: 1, y: 1, z: 1}
  m_ConstrainProportionsScale: 0
  m_Children:
  - {fileID: 5294112244051636180}
  m_Father: {fileID: 8130983261454222477}
  m_LocalEulerAnglesHint: {x: 0, y: 0, z: 0}
--- !u!1 &504585581494758850
GameObject:
  m_ObjectHideFlags: 0
  m_CorrespondingSourceObject: {fileID: 0}
  m_PrefabInstance: {fileID: 0}
  m_PrefabAsset: {fileID: 0}
  serializedVersion: 6
  m_Component:
  - component: {fileID: 1283528295274858699}
  m_Layer: 0
  m_Name: mixamorig:LeftHandRing2
  m_TagString: Untagged
  m_Icon: {fileID: 0}
  m_NavMeshLayer: 0
  m_StaticEditorFlags: 0
  m_IsActive: 1
--- !u!4 &1283528295274858699
Transform:
  m_ObjectHideFlags: 0
  m_CorrespondingSourceObject: {fileID: 0}
  m_PrefabInstance: {fileID: 0}
  m_PrefabAsset: {fileID: 0}
  m_GameObject: {fileID: 504585581494758850}
  serializedVersion: 2
  m_LocalRotation: {x: -0.00000026067815, y: 0.000006175505, z: -0.001129657, w: 0.9999994}
  m_LocalPosition: {x: 0.000040291085, y: 0.029580373, z: -1.209932e-10}
  m_LocalScale: {x: 1, y: 1, z: 1}
  m_ConstrainProportionsScale: 0
  m_Children:
  - {fileID: 4349897527719863441}
  m_Father: {fileID: 4265929595285944289}
  m_LocalEulerAnglesHint: {x: 0, y: 0, z: 0}
--- !u!1 &616013978755125009
GameObject:
  m_ObjectHideFlags: 0
  m_CorrespondingSourceObject: {fileID: 0}
  m_PrefabInstance: {fileID: 0}
  m_PrefabAsset: {fileID: 0}
  serializedVersion: 6
  m_Component:
  - component: {fileID: 2691144301221496447}
  m_Layer: 0
  m_Name: mixamorig:RightHandPinky4
  m_TagString: Untagged
  m_Icon: {fileID: 0}
  m_NavMeshLayer: 0
  m_StaticEditorFlags: 0
  m_IsActive: 1
--- !u!4 &2691144301221496447
Transform:
  m_ObjectHideFlags: 0
  m_CorrespondingSourceObject: {fileID: 0}
  m_PrefabInstance: {fileID: 0}
  m_PrefabAsset: {fileID: 0}
  m_GameObject: {fileID: 616013978755125009}
  serializedVersion: 2
  m_LocalRotation: {x: 0, y: -0, z: -0, w: 1}
  m_LocalPosition: {x: -0.00004499114, y: 0.017919865, z: -9.9261536e-11}
  m_LocalScale: {x: 1, y: 1, z: 1}
  m_ConstrainProportionsScale: 0
  m_Children: []
  m_Father: {fileID: 558967489247523971}
  m_LocalEulerAnglesHint: {x: 0, y: 0, z: 0}
--- !u!1 &623613301283455423
GameObject:
  m_ObjectHideFlags: 0
  m_CorrespondingSourceObject: {fileID: 0}
  m_PrefabInstance: {fileID: 0}
  m_PrefabAsset: {fileID: 0}
  serializedVersion: 6
  m_Component:
  - component: {fileID: 5489116504009620169}
  m_Layer: 0
  m_Name: mixamorig:LeftHandMiddle2
  m_TagString: Untagged
  m_Icon: {fileID: 0}
  m_NavMeshLayer: 0
  m_StaticEditorFlags: 0
  m_IsActive: 1
--- !u!4 &5489116504009620169
Transform:
  m_ObjectHideFlags: 0
  m_CorrespondingSourceObject: {fileID: 0}
  m_PrefabInstance: {fileID: 0}
  m_PrefabAsset: {fileID: 0}
  m_GameObject: {fileID: 623613301283455423}
  serializedVersion: 2
  m_LocalRotation: {x: 0.00000040650946, y: 0.00007860151, z: -0.0016860396, w: 0.99999857}
  m_LocalPosition: {x: 0.00011725594, y: 0.032567874, z: 7.3334686e-11}
  m_LocalScale: {x: 1, y: 1, z: 1}
  m_ConstrainProportionsScale: 0
  m_Children:
  - {fileID: 5969235126961536857}
  m_Father: {fileID: 8812499454888665790}
  m_LocalEulerAnglesHint: {x: 0, y: 0, z: 0}
--- !u!1 &762577270502385115
GameObject:
  m_ObjectHideFlags: 0
  m_CorrespondingSourceObject: {fileID: 0}
  m_PrefabInstance: {fileID: 0}
  m_PrefabAsset: {fileID: 0}
  serializedVersion: 6
  m_Component:
  - component: {fileID: 114149657364311717}
  m_Layer: 0
  m_Name: mixamorig:RightHandIndex4
  m_TagString: Untagged
  m_Icon: {fileID: 0}
  m_NavMeshLayer: 0
  m_StaticEditorFlags: 0
  m_IsActive: 1
--- !u!4 &114149657364311717
Transform:
  m_ObjectHideFlags: 0
  m_CorrespondingSourceObject: {fileID: 0}
  m_PrefabInstance: {fileID: 0}
  m_PrefabAsset: {fileID: 0}
  m_GameObject: {fileID: 762577270502385115}
  serializedVersion: 2
  m_LocalRotation: {x: 0, y: -0, z: -0, w: 1}
  m_LocalPosition: {x: -0.000003326963, y: 0.022415003, z: -6.2937034e-12}
  m_LocalScale: {x: 1, y: 1, z: 1}
  m_ConstrainProportionsScale: 0
  m_Children: []
  m_Father: {fileID: 9180739956508665081}
  m_LocalEulerAnglesHint: {x: 0, y: 0, z: 0}
--- !u!1 &779763376009480776
GameObject:
  m_ObjectHideFlags: 0
  m_CorrespondingSourceObject: {fileID: 0}
  m_PrefabInstance: {fileID: 0}
  m_PrefabAsset: {fileID: 0}
  serializedVersion: 6
  m_Component:
  - component: {fileID: 6280617541106865278}
  m_Layer: 0
  m_Name: mixamorig:Spine1
  m_TagString: Untagged
  m_Icon: {fileID: 0}
  m_NavMeshLayer: 0
  m_StaticEditorFlags: 0
  m_IsActive: 1
--- !u!4 &6280617541106865278
Transform:
  m_ObjectHideFlags: 0
  m_CorrespondingSourceObject: {fileID: 0}
  m_PrefabInstance: {fileID: 0}
  m_PrefabAsset: {fileID: 0}
  m_GameObject: {fileID: 779763376009480776}
  serializedVersion: 2
  m_LocalRotation: {x: 4.8136015e-26, y: -7.081182e-14, z: 6.7977373e-13, w: 1}
  m_LocalPosition: {x: -0, y: 0.14123344, z: 0.0026442688}
  m_LocalScale: {x: 1, y: 1, z: 1}
  m_ConstrainProportionsScale: 0
  m_Children:
  - {fileID: 2511452304650139729}
  m_Father: {fileID: 1007746212104242375}
  m_LocalEulerAnglesHint: {x: 0, y: 0, z: 0}
--- !u!1 &868870668317268227
GameObject:
  m_ObjectHideFlags: 0
  m_CorrespondingSourceObject: {fileID: 0}
  m_PrefabInstance: {fileID: 0}
  m_PrefabAsset: {fileID: 0}
  serializedVersion: 6
  m_Component:
  - component: {fileID: 5969235126961536857}
  m_Layer: 0
  m_Name: mixamorig:LeftHandMiddle3
  m_TagString: Untagged
  m_Icon: {fileID: 0}
  m_NavMeshLayer: 0
  m_StaticEditorFlags: 0
  m_IsActive: 1
--- !u!4 &5969235126961536857
Transform:
  m_ObjectHideFlags: 0
  m_CorrespondingSourceObject: {fileID: 0}
  m_PrefabInstance: {fileID: 0}
  m_PrefabAsset: {fileID: 0}
  m_GameObject: {fileID: 868870668317268227}
  serializedVersion: 2
  m_LocalRotation: {x: 0.0000005549939, y: -0.00012743696, z: -0.002410656, w: 0.99999714}
  m_LocalPosition: {x: 0.000007057896, y: 0.03177892, z: -1.509423e-10}
  m_LocalScale: {x: 1, y: 1, z: 1}
  m_ConstrainProportionsScale: 0
  m_Children:
  - {fileID: 2595747525039024369}
  m_Father: {fileID: 5489116504009620169}
  m_LocalEulerAnglesHint: {x: 0, y: 0, z: 0}
--- !u!1 &1123648992553345551
GameObject:
  m_ObjectHideFlags: 0
  m_CorrespondingSourceObject: {fileID: 0}
  m_PrefabInstance: {fileID: 0}
  m_PrefabAsset: {fileID: 0}
  serializedVersion: 6
  m_Component:
  - component: {fileID: 8812499454888665790}
  m_Layer: 0
  m_Name: mixamorig:LeftHandMiddle1
  m_TagString: Untagged
  m_Icon: {fileID: 0}
  m_NavMeshLayer: 0
  m_StaticEditorFlags: 0
  m_IsActive: 1
--- !u!4 &8812499454888665790
Transform:
  m_ObjectHideFlags: 0
  m_CorrespondingSourceObject: {fileID: 0}
  m_PrefabInstance: {fileID: 0}
  m_PrefabAsset: {fileID: 0}
  m_GameObject: {fileID: 1123648992553345551}
  serializedVersion: 2
  m_LocalRotation: {x: -0.008026946, y: -0.00010579437, z: -0.05757195, w: 0.9983091}
  m_LocalPosition: {x: 0.008150081, y: 0.06827152, z: -0.0011007434}
  m_LocalScale: {x: 1, y: 1, z: 1}
  m_ConstrainProportionsScale: 0
  m_Children:
  - {fileID: 5489116504009620169}
  m_Father: {fileID: 1189527248450640239}
  m_LocalEulerAnglesHint: {x: 0, y: 0, z: 0}
--- !u!1 &1254065317458497545
GameObject:
  m_ObjectHideFlags: 0
  m_CorrespondingSourceObject: {fileID: 0}
  m_PrefabInstance: {fileID: 0}
  m_PrefabAsset: {fileID: 0}
  serializedVersion: 6
  m_Component:
  - component: {fileID: 2390297158339298207}
  m_Layer: 0
  m_Name: mixamorig:RightHandMiddle1
  m_TagString: Untagged
  m_Icon: {fileID: 0}
  m_NavMeshLayer: 0
  m_StaticEditorFlags: 0
  m_IsActive: 1
--- !u!4 &2390297158339298207
Transform:
  m_ObjectHideFlags: 0
  m_CorrespondingSourceObject: {fileID: 0}
  m_PrefabInstance: {fileID: 0}
  m_PrefabAsset: {fileID: 0}
  m_GameObject: {fileID: 1254065317458497545}
  serializedVersion: 2
  m_LocalRotation: {x: -0.006432598, y: 0.0003697981, z: 0.05301871, w: 0.99857277}
  m_LocalPosition: {x: -0.0076548993, y: 0.07018207, z: -0.0009039907}
  m_LocalScale: {x: 1, y: 1, z: 1}
  m_ConstrainProportionsScale: 0
  m_Children:
  - {fileID: 208705227181486068}
  m_Father: {fileID: 8130983261454222477}
  m_LocalEulerAnglesHint: {x: 0, y: 0, z: 0}
--- !u!1 &1381965564865114101
GameObject:
  m_ObjectHideFlags: 0
  m_CorrespondingSourceObject: {fileID: 0}
  m_PrefabInstance: {fileID: 0}
  m_PrefabAsset: {fileID: 0}
  serializedVersion: 6
  m_Component:
  - component: {fileID: 4169720964165764036}
  m_Layer: 0
  m_Name: mixamorig:LeftHandIndex4
  m_TagString: Untagged
  m_Icon: {fileID: 0}
  m_NavMeshLayer: 0
  m_StaticEditorFlags: 0
  m_IsActive: 1
--- !u!4 &4169720964165764036
Transform:
  m_ObjectHideFlags: 0
  m_CorrespondingSourceObject: {fileID: 0}
  m_PrefabInstance: {fileID: 0}
  m_PrefabAsset: {fileID: 0}
  m_GameObject: {fileID: 1381965564865114101}
  serializedVersion: 2
  m_LocalRotation: {x: 0, y: -0, z: -0, w: 1}
  m_LocalPosition: {x: -0.0000029657156, y: 0.022974368, z: -5.3087205e-11}
  m_LocalScale: {x: 1, y: 1, z: 1}
  m_ConstrainProportionsScale: 0
  m_Children: []
  m_Father: {fileID: 3039161725653947307}
  m_LocalEulerAnglesHint: {x: 0, y: 0, z: 0}
--- !u!1 &1975891272074904783
GameObject:
  m_ObjectHideFlags: 0
  m_CorrespondingSourceObject: {fileID: 0}
  m_PrefabInstance: {fileID: 0}
  m_PrefabAsset: {fileID: 0}
  serializedVersion: 6
  m_Component:
  - component: {fileID: 558967489247523971}
  m_Layer: 0
  m_Name: mixamorig:RightHandPinky3
  m_TagString: Untagged
  m_Icon: {fileID: 0}
  m_NavMeshLayer: 0
  m_StaticEditorFlags: 0
  m_IsActive: 1
--- !u!4 &558967489247523971
Transform:
  m_ObjectHideFlags: 0
  m_CorrespondingSourceObject: {fileID: 0}
  m_PrefabInstance: {fileID: 0}
  m_PrefabAsset: {fileID: 0}
  m_GameObject: {fileID: 1975891272074904783}
  serializedVersion: 2
  m_LocalRotation: {x: -0.0000003097163, y: 0.000029117045, z: -0.001703203, w: 0.99999857}
  m_LocalPosition: {x: 0.000018610148, y: 0.021224631, z: 2.846292e-11}
  m_LocalScale: {x: 1, y: 1, z: 1}
  m_ConstrainProportionsScale: 0
  m_Children:
  - {fileID: 2691144301221496447}
  m_Father: {fileID: 3896587677223838066}
  m_LocalEulerAnglesHint: {x: 0, y: 0, z: 0}
--- !u!1 &2016356163550777829
GameObject:
  m_ObjectHideFlags: 0
  m_CorrespondingSourceObject: {fileID: 0}
  m_PrefabInstance: {fileID: 0}
  m_PrefabAsset: {fileID: 0}
  serializedVersion: 6
  m_Component:
  - component: {fileID: 5537907526720427908}
  m_Layer: 0
  m_Name: mixamorig:LeftHandThumb2
  m_TagString: Untagged
  m_Icon: {fileID: 0}
  m_NavMeshLayer: 0
  m_StaticEditorFlags: 0
  m_IsActive: 1
--- !u!4 &5537907526720427908
Transform:
  m_ObjectHideFlags: 0
  m_CorrespondingSourceObject: {fileID: 0}
  m_PrefabInstance: {fileID: 0}
  m_PrefabAsset: {fileID: 0}
  m_GameObject: {fileID: 2016356163550777829}
  serializedVersion: 2
  m_LocalRotation: {x: -0.00003629796, y: -0.0007271162, z: -0.0780741, w: 0.9969473}
  m_LocalPosition: {x: 0.0032976882, y: 0.025601482, z: -4.9327126e-10}
  m_LocalScale: {x: 1, y: 1, z: 1}
  m_ConstrainProportionsScale: 0
  m_Children:
  - {fileID: 2577914884146149926}
  m_Father: {fileID: 8285324383230575184}
  m_LocalEulerAnglesHint: {x: 0, y: 0, z: 0}
--- !u!1 &2118898088499913369
GameObject:
  m_ObjectHideFlags: 0
  m_CorrespondingSourceObject: {fileID: 0}
  m_PrefabInstance: {fileID: 0}
  m_PrefabAsset: {fileID: 0}
  serializedVersion: 6
  m_Component:
  - component: {fileID: 667091453938398810}
  m_Layer: 0
  m_Name: mixamorig:RightHandRing3
  m_TagString: Untagged
  m_Icon: {fileID: 0}
  m_NavMeshLayer: 0
  m_StaticEditorFlags: 0
  m_IsActive: 1
--- !u!4 &667091453938398810
Transform:
  m_ObjectHideFlags: 0
  m_CorrespondingSourceObject: {fileID: 0}
  m_PrefabInstance: {fileID: 0}
  m_PrefabAsset: {fileID: 0}
  m_GameObject: {fileID: 2118898088499913369}
  serializedVersion: 2
  m_LocalRotation: {x: -0.00000007044038, y: -0.0000049206055, z: 0.00041529545, w: 0.99999994}
  m_LocalPosition: {x: -0.000026331454, y: 0.027179534, z: -1.7357792e-10}
  m_LocalScale: {x: 1, y: 1, z: 1}
  m_ConstrainProportionsScale: 0
  m_Children:
  - {fileID: 2316982248138355180}
  m_Father: {fileID: 6621211992204972479}
  m_LocalEulerAnglesHint: {x: 0, y: 0, z: 0}
--- !u!1 &2365463994196541795
GameObject:
  m_ObjectHideFlags: 0
  m_CorrespondingSourceObject: {fileID: 0}
  m_PrefabInstance: {fileID: 0}
  m_PrefabAsset: {fileID: 0}
  serializedVersion: 6
  m_Component:
  - component: {fileID: 1007746212104242375}
  m_Layer: 0
  m_Name: mixamorig:Spine
  m_TagString: Untagged
  m_Icon: {fileID: 0}
  m_NavMeshLayer: 0
  m_StaticEditorFlags: 0
  m_IsActive: 1
--- !u!4 &1007746212104242375
Transform:
  m_ObjectHideFlags: 0
  m_CorrespondingSourceObject: {fileID: 0}
  m_PrefabInstance: {fileID: 0}
  m_PrefabAsset: {fileID: 0}
  m_GameObject: {fileID: 2365463994196541795}
  serializedVersion: 2
  m_LocalRotation: {x: -0.020686952, y: 0.000000491729, z: -0.00000944594, w: 0.999786}
  m_LocalPosition: {x: -0, y: 0.03962414, z: -0.0027429627}
  m_LocalScale: {x: 1, y: 1, z: 1}
  m_ConstrainProportionsScale: 0
  m_Children:
  - {fileID: 6280617541106865278}
  m_Father: {fileID: 4781449069346468612}
  m_LocalEulerAnglesHint: {x: 0, y: 0, z: 0}
--- !u!1 &2407922508143005668
GameObject:
  m_ObjectHideFlags: 0
  m_CorrespondingSourceObject: {fileID: 0}
  m_PrefabInstance: {fileID: 0}
  m_PrefabAsset: {fileID: 0}
  serializedVersion: 6
  m_Component:
  - component: {fileID: 4265929595285944289}
  m_Layer: 0
  m_Name: mixamorig:LeftHandRing1
  m_TagString: Untagged
  m_Icon: {fileID: 0}
  m_NavMeshLayer: 0
  m_StaticEditorFlags: 0
  m_IsActive: 1
--- !u!4 &4265929595285944289
Transform:
  m_ObjectHideFlags: 0
  m_CorrespondingSourceObject: {fileID: 0}
  m_PrefabInstance: {fileID: 0}
  m_PrefabAsset: {fileID: 0}
  m_GameObject: {fileID: 2407922508143005668}
  serializedVersion: 2
  m_LocalRotation: {x: -0.008171913, y: -0.0025263398, z: -0.05867072, w: 0.99824077}
  m_LocalPosition: {x: -0.008988165, y: 0.06778732, z: -0.00023004782}
  m_LocalScale: {x: 1, y: 1, z: 1}
  m_ConstrainProportionsScale: 0
  m_Children:
  - {fileID: 1283528295274858699}
  m_Father: {fileID: 1189527248450640239}
  m_LocalEulerAnglesHint: {x: 0, y: 0, z: 0}
--- !u!1 &2425345282373668389
GameObject:
  m_ObjectHideFlags: 0
  m_CorrespondingSourceObject: {fileID: 0}
  m_PrefabInstance: {fileID: 0}
  m_PrefabAsset: {fileID: 0}
  serializedVersion: 6
  m_Component:
  - component: {fileID: 4349897527719863441}
  m_Layer: 0
  m_Name: mixamorig:LeftHandRing3
  m_TagString: Untagged
  m_Icon: {fileID: 0}
  m_NavMeshLayer: 0
  m_StaticEditorFlags: 0
  m_IsActive: 1
--- !u!4 &4349897527719863441
Transform:
  m_ObjectHideFlags: 0
  m_CorrespondingSourceObject: {fileID: 0}
  m_PrefabInstance: {fileID: 0}
  m_PrefabAsset: {fileID: 0}
  m_GameObject: {fileID: 2425345282373668389}
  serializedVersion: 2
  m_LocalRotation: {x: -0.00000005032284, y: 0.0000025184063, z: 0.00013241165, w: 1}
  m_LocalPosition: {x: -0.000024933555, y: 0.027569374, z: 1.4019719e-10}
  m_LocalScale: {x: 1, y: 1, z: 1}
  m_ConstrainProportionsScale: 0
  m_Children:
  - {fileID: 4943889059159683017}
  m_Father: {fileID: 1283528295274858699}
  m_LocalEulerAnglesHint: {x: 0, y: 0, z: 0}
--- !u!1 &2606264965285212532
GameObject:
  m_ObjectHideFlags: 0
  m_CorrespondingSourceObject: {fileID: 0}
  m_PrefabInstance: {fileID: 0}
  m_PrefabAsset: {fileID: 0}
  serializedVersion: 6
  m_Component:
  - component: {fileID: 6406493922767404632}
  m_Layer: 0
  m_Name: mixamorig:RightUpLeg
  m_TagString: Untagged
  m_Icon: {fileID: 0}
  m_NavMeshLayer: 0
  m_StaticEditorFlags: 0
  m_IsActive: 1
--- !u!4 &6406493922767404632
Transform:
  m_ObjectHideFlags: 0
  m_CorrespondingSourceObject: {fileID: 0}
  m_PrefabInstance: {fileID: 0}
  m_PrefabAsset: {fileID: 0}
  m_GameObject: {fileID: 2606264965285212532}
  serializedVersion: 2
  m_LocalRotation: {x: 0.00023351095, y: -0.0016051255, z: 0.9999909, w: -0.00395468}
  m_LocalPosition: {x: 0.07557004, y: -0.04826273, z: 0.0030053568}
  m_LocalScale: {x: 1, y: 1, z: 1}
  m_ConstrainProportionsScale: 0
  m_Children:
  - {fileID: 7953017229551216037}
  m_Father: {fileID: 4781449069346468612}
  m_LocalEulerAnglesHint: {x: 0, y: 0, z: 0}
--- !u!1 &3151781933485214215
GameObject:
  m_ObjectHideFlags: 0
  m_CorrespondingSourceObject: {fileID: 0}
  m_PrefabInstance: {fileID: 0}
  m_PrefabAsset: {fileID: 0}
  serializedVersion: 6
  m_Component:
  - component: {fileID: 9180739956508665081}
  m_Layer: 0
  m_Name: mixamorig:RightHandIndex3
  m_TagString: Untagged
  m_Icon: {fileID: 0}
  m_NavMeshLayer: 0
  m_StaticEditorFlags: 0
  m_IsActive: 1
--- !u!4 &9180739956508665081
Transform:
  m_ObjectHideFlags: 0
  m_CorrespondingSourceObject: {fileID: 0}
  m_PrefabInstance: {fileID: 0}
  m_PrefabAsset: {fileID: 0}
  m_GameObject: {fileID: 3151781933485214215}
  serializedVersion: 2
  m_LocalRotation: {x: 0.00000012834519, y: -0.00000076048167, z: 0.00016039611, w: 1}
  m_LocalPosition: {x: -0.000011756685, y: 0.026396379, z: 7.460699e-14}
  m_LocalScale: {x: 1, y: 1, z: 1}
  m_ConstrainProportionsScale: 0
  m_Children:
  - {fileID: 114149657364311717}
  m_Father: {fileID: 4850591795390510030}
  m_LocalEulerAnglesHint: {x: 0, y: 0, z: 0}
--- !u!1 &3254123252529457676
GameObject:
  m_ObjectHideFlags: 0
  m_CorrespondingSourceObject: {fileID: 0}
  m_PrefabInstance: {fileID: 0}
  m_PrefabAsset: {fileID: 0}
  serializedVersion: 6
  m_Component:
  - component: {fileID: 3896587677223838066}
  m_Layer: 0
  m_Name: mixamorig:RightHandPinky2
  m_TagString: Untagged
  m_Icon: {fileID: 0}
  m_NavMeshLayer: 0
  m_StaticEditorFlags: 0
  m_IsActive: 1
--- !u!4 &3896587677223838066
Transform:
  m_ObjectHideFlags: 0
  m_CorrespondingSourceObject: {fileID: 0}
  m_PrefabInstance: {fileID: 0}
  m_PrefabAsset: {fileID: 0}
  m_GameObject: {fileID: 3254123252529457676}
  serializedVersion: 2
  m_LocalRotation: {x: -0.00000015145801, y: -0.0000016700448, z: -0.000047028137, w: 1}
  m_LocalPosition: {x: 0.000026380885, y: 0.026278617, z: -7.7091895e-11}
  m_LocalScale: {x: 1, y: 1, z: 1}
  m_ConstrainProportionsScale: 0
  m_Children:
  - {fileID: 558967489247523971}
  m_Father: {fileID: 6512432220774209977}
  m_LocalEulerAnglesHint: {x: 0, y: 0, z: 0}
--- !u!1 &3415572173870588244
GameObject:
  m_ObjectHideFlags: 0
  m_CorrespondingSourceObject: {fileID: 0}
  m_PrefabInstance: {fileID: 0}
  m_PrefabAsset: {fileID: 0}
  serializedVersion: 6
  m_Component:
  - component: {fileID: 4312597732359524387}
  m_Layer: 0
  m_Name: mixamorig:LeftHandPinky1
  m_TagString: Untagged
  m_Icon: {fileID: 0}
  m_NavMeshLayer: 0
  m_StaticEditorFlags: 0
  m_IsActive: 1
--- !u!4 &4312597732359524387
Transform:
  m_ObjectHideFlags: 0
  m_CorrespondingSourceObject: {fileID: 0}
  m_PrefabInstance: {fileID: 0}
  m_PrefabAsset: {fileID: 0}
  m_GameObject: {fileID: 3415572173870588244}
  serializedVersion: 2
  m_LocalRotation: {x: -0.007996601, y: 0.0003912366, z: -0.059977457, w: 0.99816763}
  m_LocalPosition: {x: -0.025022205, y: 0.063907795, z: 0.0008745848}
  m_LocalScale: {x: 1, y: 1, z: 1}
  m_ConstrainProportionsScale: 0
  m_Children:
  - {fileID: 2072668714123506245}
  m_Father: {fileID: 1189527248450640239}
  m_LocalEulerAnglesHint: {x: 0, y: 0, z: 0}
--- !u!1 &3772337525943888816
GameObject:
  m_ObjectHideFlags: 0
  m_CorrespondingSourceObject: {fileID: 0}
  m_PrefabInstance: {fileID: 0}
  m_PrefabAsset: {fileID: 0}
  serializedVersion: 6
  m_Component:
  - component: {fileID: 2800220730736620440}
  m_Layer: 0
  m_Name: mixamorig:RightFoot
  m_TagString: Untagged
  m_Icon: {fileID: 0}
  m_NavMeshLayer: 0
  m_StaticEditorFlags: 0
  m_IsActive: 1
--- !u!4 &2800220730736620440
Transform:
  m_ObjectHideFlags: 0
  m_CorrespondingSourceObject: {fileID: 0}
  m_PrefabInstance: {fileID: 0}
  m_PrefabAsset: {fileID: 0}
  m_GameObject: {fileID: 3772337525943888816}
  serializedVersion: 2
  m_LocalRotation: {x: 0.49292773, y: 0.0005500352, z: 0.007259542, w: 0.8700398}
  m_LocalPosition: {x: -0.00006017867, y: 0.3306314, z: 0.00004496654}
  m_LocalScale: {x: 1, y: 1, z: 1}
  m_ConstrainProportionsScale: 0
  m_Children:
  - {fileID: 1469385307390778945}
  m_Father: {fileID: 7953017229551216037}
  m_LocalEulerAnglesHint: {x: 0, y: 0, z: 0}
--- !u!1 &3915821527715047416
GameObject:
  m_ObjectHideFlags: 0
  m_CorrespondingSourceObject: {fileID: 0}
  m_PrefabInstance: {fileID: 0}
  m_PrefabAsset: {fileID: 0}
  serializedVersion: 6
  m_Component:
  - component: {fileID: 2577914884146149926}
  m_Layer: 0
  m_Name: mixamorig:LeftHandThumb3
  m_TagString: Untagged
  m_Icon: {fileID: 0}
  m_NavMeshLayer: 0
  m_StaticEditorFlags: 0
  m_IsActive: 1
--- !u!4 &2577914884146149926
Transform:
  m_ObjectHideFlags: 0
  m_CorrespondingSourceObject: {fileID: 0}
  m_PrefabInstance: {fileID: 0}
  m_PrefabAsset: {fileID: 0}
  m_GameObject: {fileID: 3915821527715047416}
  serializedVersion: 2
  m_LocalRotation: {x: 0.0002035447, y: -0.0028928074, z: -0.04216502, w: 0.99910647}
  m_LocalPosition: {x: -0.0007691688, y: 0.027271623, z: -4.5227905e-10}
  m_LocalScale: {x: 1, y: 1, z: 1}
  m_ConstrainProportionsScale: 0
  m_Children:
  - {fileID: 2724908095111407599}
  m_Father: {fileID: 5537907526720427908}
  m_LocalEulerAnglesHint: {x: 0, y: 0, z: 0}
--- !u!1 &3973278308502043295
GameObject:
  m_ObjectHideFlags: 0
  m_CorrespondingSourceObject: {fileID: 0}
  m_PrefabInstance: {fileID: 0}
  m_PrefabAsset: {fileID: 0}
  serializedVersion: 6
  m_Component:
  - component: {fileID: 8130983261454222477}
  m_Layer: 0
  m_Name: mixamorig:RightHand
  m_TagString: Untagged
  m_Icon: {fileID: 0}
  m_NavMeshLayer: 0
  m_StaticEditorFlags: 0
  m_IsActive: 1
--- !u!4 &8130983261454222477
Transform:
  m_ObjectHideFlags: 0
  m_CorrespondingSourceObject: {fileID: 0}
  m_PrefabInstance: {fileID: 0}
  m_PrefabAsset: {fileID: 0}
  m_GameObject: {fileID: 3973278308502043295}
  serializedVersion: 2
  m_LocalRotation: {x: 0.004854532, y: 0.028582456, z: -0.05445307, w: 0.9980954}
  m_LocalPosition: {x: 3.4565664e-10, y: 0.19898346, z: -1.6870387e-10}
  m_LocalScale: {x: 1, y: 1, z: 1}
  m_ConstrainProportionsScale: 0
  m_Children:
  - {fileID: 7641799982705972600}
  - {fileID: 2390297158339298207}
  - {fileID: 6512432220774209977}
  - {fileID: 932713878338546059}
  - {fileID: 3734779251249741111}
  m_Father: {fileID: 3126878143512532651}
  m_LocalEulerAnglesHint: {x: 0, y: 0, z: 0}
--- !u!1 &4268534659518728525
GameObject:
  m_ObjectHideFlags: 0
  m_CorrespondingSourceObject: {fileID: 0}
  m_PrefabInstance: {fileID: 0}
  m_PrefabAsset: {fileID: 0}
  serializedVersion: 6
  m_Component:
  - component: {fileID: 2511452304650139729}
  m_Layer: 0
  m_Name: mixamorig:Spine2
  m_TagString: Untagged
  m_Icon: {fileID: 0}
  m_NavMeshLayer: 0
  m_StaticEditorFlags: 0
  m_IsActive: 1
--- !u!4 &2511452304650139729
Transform:
  m_ObjectHideFlags: 0
  m_CorrespondingSourceObject: {fileID: 0}
  m_PrefabInstance: {fileID: 0}
  m_PrefabAsset: {fileID: 0}
  m_GameObject: {fileID: 4268534659518728525}
  serializedVersion: 2
  m_LocalRotation: {x: 0, y: -0, z: -6.4686594e-29, w: 1}
  m_LocalPosition: {x: -0, y: 0.114045195, z: 0.001061106}
  m_LocalScale: {x: 1, y: 1, z: 1}
  m_ConstrainProportionsScale: 0
  m_Children:
  - {fileID: 8975447274131459341}
  - {fileID: 795639939461413918}
  - {fileID: 1212155532095845927}
  m_Father: {fileID: 6280617541106865278}
  m_LocalEulerAnglesHint: {x: 0, y: 0, z: 0}
--- !u!1 &4270196016931793724
GameObject:
  m_ObjectHideFlags: 0
  m_CorrespondingSourceObject: {fileID: 0}
  m_PrefabInstance: {fileID: 0}
  m_PrefabAsset: {fileID: 0}
  serializedVersion: 6
  m_Component:
  - component: {fileID: 2316982248138355180}
  m_Layer: 0
  m_Name: mixamorig:RightHandRing4
  m_TagString: Untagged
  m_Icon: {fileID: 0}
  m_NavMeshLayer: 0
  m_StaticEditorFlags: 0
  m_IsActive: 1
--- !u!4 &2316982248138355180
Transform:
  m_ObjectHideFlags: 0
  m_CorrespondingSourceObject: {fileID: 0}
  m_PrefabInstance: {fileID: 0}
  m_PrefabAsset: {fileID: 0}
  m_GameObject: {fileID: 4270196016931793724}
  serializedVersion: 2
  m_LocalRotation: {x: 0, y: -0, z: -0, w: 1}
  m_LocalPosition: {x: -0.0000034381449, y: 0.023796482, z: -4.3272337e-11}
  m_LocalScale: {x: 1, y: 1, z: 1}
  m_ConstrainProportionsScale: 0
  m_Children: []
  m_Father: {fileID: 667091453938398810}
  m_LocalEulerAnglesHint: {x: 0, y: 0, z: 0}
--- !u!1 &4296062136534557262
GameObject:
  m_ObjectHideFlags: 0
  m_CorrespondingSourceObject: {fileID: 0}
  m_PrefabInstance: {fileID: 0}
  m_PrefabAsset: {fileID: 0}
  serializedVersion: 6
  m_Component:
  - component: {fileID: 2694117389663277058}
  m_Layer: 0
  m_Name: mixamorig:LeftToe_End
  m_TagString: Untagged
  m_Icon: {fileID: 0}
  m_NavMeshLayer: 0
  m_StaticEditorFlags: 0
  m_IsActive: 1
--- !u!4 &2694117389663277058
Transform:
  m_ObjectHideFlags: 0
  m_CorrespondingSourceObject: {fileID: 0}
  m_PrefabInstance: {fileID: 0}
  m_PrefabAsset: {fileID: 0}
  m_GameObject: {fileID: 4296062136534557262}
  serializedVersion: 2
  m_LocalRotation: {x: 0, y: -0, z: -0, w: 1}
  m_LocalPosition: {x: -0.00014223365, y: 0.06420832, z: 0.00007889134}
  m_LocalScale: {x: 1, y: 1, z: 1}
  m_ConstrainProportionsScale: 0
  m_Children: []
  m_Father: {fileID: 2173783535121156227}
  m_LocalEulerAnglesHint: {x: 0, y: 0, z: 0}
--- !u!1 &4324334698625729503
GameObject:
  m_ObjectHideFlags: 0
  m_CorrespondingSourceObject: {fileID: 0}
  m_PrefabInstance: {fileID: 0}
  m_PrefabAsset: {fileID: 0}
  serializedVersion: 6
  m_Component:
  - component: {fileID: 5418240222122566331}
  m_Layer: 0
  m_Name: mixamorig:RightHandThumb3
  m_TagString: Untagged
  m_Icon: {fileID: 0}
  m_NavMeshLayer: 0
  m_StaticEditorFlags: 0
  m_IsActive: 1
--- !u!4 &5418240222122566331
Transform:
  m_ObjectHideFlags: 0
  m_CorrespondingSourceObject: {fileID: 0}
  m_PrefabInstance: {fileID: 0}
  m_PrefabAsset: {fileID: 0}
  m_GameObject: {fileID: 4324334698625729503}
  serializedVersion: 2
  m_LocalRotation: {x: 0.00012577967, y: 0.002161595, z: 0.0298841, w: 0.99955106}
  m_LocalPosition: {x: 0.0007671767, y: 0.027302215, z: 8.240218e-10}
  m_LocalScale: {x: 1, y: 1, z: 1}
  m_ConstrainProportionsScale: 0
  m_Children:
  - {fileID: 1885512709190867605}
  m_Father: {fileID: 5294112244051636180}
  m_LocalEulerAnglesHint: {x: 0, y: 0, z: 0}
--- !u!1 &4398097852509845295
GameObject:
  m_ObjectHideFlags: 0
  m_CorrespondingSourceObject: {fileID: 0}
  m_PrefabInstance: {fileID: 0}
  m_PrefabAsset: {fileID: 0}
  serializedVersion: 6
  m_Component:
  - component: {fileID: 6621211992204972479}
  m_Layer: 0
  m_Name: mixamorig:RightHandRing2
  m_TagString: Untagged
  m_Icon: {fileID: 0}
  m_NavMeshLayer: 0
  m_StaticEditorFlags: 0
  m_IsActive: 1
--- !u!4 &6621211992204972479
Transform:
  m_ObjectHideFlags: 0
  m_CorrespondingSourceObject: {fileID: 0}
  m_PrefabInstance: {fileID: 0}
  m_PrefabAsset: {fileID: 0}
  m_GameObject: {fileID: 4398097852509845295}
  serializedVersion: 2
  m_LocalRotation: {x: 0.0000002340318, y: -0.00000074487, z: -0.0009912552, w: 0.9999995}
  m_LocalPosition: {x: 0.00002976934, y: 0.029239435, z: 3.2715233e-11}
  m_LocalScale: {x: 1, y: 1, z: 1}
  m_ConstrainProportionsScale: 0
  m_Children:
  - {fileID: 667091453938398810}
  m_Father: {fileID: 932713878338546059}
  m_LocalEulerAnglesHint: {x: 0, y: 0, z: 0}
--- !u!1 &4419269432445047262
GameObject:
  m_ObjectHideFlags: 0
  m_CorrespondingSourceObject: {fileID: 0}
  m_PrefabInstance: {fileID: 0}
  m_PrefabAsset: {fileID: 0}
  serializedVersion: 6
  m_Component:
  - component: {fileID: 932713878338546059}
  m_Layer: 0
  m_Name: mixamorig:RightHandRing1
  m_TagString: Untagged
  m_Icon: {fileID: 0}
  m_NavMeshLayer: 0
  m_StaticEditorFlags: 0
  m_IsActive: 1
--- !u!4 &932713878338546059
Transform:
  m_ObjectHideFlags: 0
  m_CorrespondingSourceObject: {fileID: 0}
  m_PrefabInstance: {fileID: 0}
  m_PrefabAsset: {fileID: 0}
  m_GameObject: {fileID: 4419269432445047262}
  serializedVersion: 2
  m_LocalRotation: {x: -0.0063768933, y: -0.00062982115, z: 0.054808397, w: 0.9984763}
  m_LocalPosition: {x: 0.008923053, y: 0.06911075, z: -0.0012161225}
  m_LocalScale: {x: 1, y: 1, z: 1}
  m_ConstrainProportionsScale: 0
  m_Children:
  - {fileID: 6621211992204972479}
  m_Father: {fileID: 8130983261454222477}
  m_LocalEulerAnglesHint: {x: 0, y: 0, z: 0}
--- !u!1 &4466107196099296812
GameObject:
  m_ObjectHideFlags: 0
  m_CorrespondingSourceObject: {fileID: 0}
  m_PrefabInstance: {fileID: 0}
  m_PrefabAsset: {fileID: 0}
  serializedVersion: 6
  m_Component:
  - component: {fileID: 3557353813246549858}
  m_Layer: 0
  m_Name: mixamorig:RightHandMiddle3
  m_TagString: Untagged
  m_Icon: {fileID: 0}
  m_NavMeshLayer: 0
  m_StaticEditorFlags: 0
  m_IsActive: 1
--- !u!4 &3557353813246549858
Transform:
  m_ObjectHideFlags: 0
  m_CorrespondingSourceObject: {fileID: 0}
  m_PrefabInstance: {fileID: 0}
  m_PrefabAsset: {fileID: 0}
  m_GameObject: {fileID: 4466107196099296812}
  serializedVersion: 2
  m_LocalRotation: {x: 0.0000002581566, y: -0.000038613987, z: -0.0011785043, w: 0.99999934}
  m_LocalPosition: {x: 0.00007899691, y: 0.030566687, z: -4.6793926e-11}
  m_LocalScale: {x: 1, y: 1, z: 1}
  m_ConstrainProportionsScale: 0
  m_Children:
  - {fileID: 4121591321372313395}
  m_Father: {fileID: 208705227181486068}
  m_LocalEulerAnglesHint: {x: 0, y: 0, z: 0}
--- !u!1 &4571485983445788414
GameObject:
  m_ObjectHideFlags: 0
  m_CorrespondingSourceObject: {fileID: 0}
  m_PrefabInstance: {fileID: 0}
  m_PrefabAsset: {fileID: 0}
  serializedVersion: 6
  m_Component:
  - component: {fileID: 1189527248450640239}
  m_Layer: 0
  m_Name: mixamorig:LeftHand
  m_TagString: Untagged
  m_Icon: {fileID: 0}
  m_NavMeshLayer: 0
  m_StaticEditorFlags: 0
  m_IsActive: 1
--- !u!4 &1189527248450640239
Transform:
  m_ObjectHideFlags: 0
  m_CorrespondingSourceObject: {fileID: 0}
  m_PrefabInstance: {fileID: 0}
  m_PrefabAsset: {fileID: 0}
  m_GameObject: {fileID: 4571485983445788414}
  serializedVersion: 2
  m_LocalRotation: {x: 0.006090523, y: -0.032372106, z: 0.059594844, w: 0.99767905}
  m_LocalPosition: {x: 2.8899472e-10, y: 0.19896032, z: 3.4069386e-11}
  m_LocalScale: {x: 1, y: 1, z: 1}
  m_ConstrainProportionsScale: 0
  m_Children:
  - {fileID: 2256573689624760436}
  - {fileID: 8812499454888665790}
  - {fileID: 4312597732359524387}
  - {fileID: 4265929595285944289}
  - {fileID: 8285324383230575184}
  m_Father: {fileID: 6307189237913747306}
  m_LocalEulerAnglesHint: {x: 0, y: 0, z: 0}
--- !u!1 &4576347042468765223
GameObject:
  m_ObjectHideFlags: 0
  m_CorrespondingSourceObject: {fileID: 0}
  m_PrefabInstance: {fileID: 0}
  m_PrefabAsset: {fileID: 0}
  serializedVersion: 6
  m_Component:
  - component: {fileID: 5576012790569018220}
  m_Layer: 0
  m_Name: mixamorig:RightToe_End
  m_TagString: Untagged
  m_Icon: {fileID: 0}
  m_NavMeshLayer: 0
  m_StaticEditorFlags: 0
  m_IsActive: 1
--- !u!4 &5576012790569018220
Transform:
  m_ObjectHideFlags: 0
  m_CorrespondingSourceObject: {fileID: 0}
  m_PrefabInstance: {fileID: 0}
  m_PrefabAsset: {fileID: 0}
  m_GameObject: {fileID: 4576347042468765223}
  serializedVersion: 2
  m_LocalRotation: {x: 0, y: -0, z: -0, w: 1}
  m_LocalPosition: {x: 0.00014242921, y: 0.06412133, z: 0.00007911101}
  m_LocalScale: {x: 1, y: 1, z: 1}
  m_ConstrainProportionsScale: 0
  m_Children: []
  m_Father: {fileID: 1469385307390778945}
  m_LocalEulerAnglesHint: {x: 0, y: 0, z: 0}
--- !u!1 &4750547251417041457
GameObject:
  m_ObjectHideFlags: 0
  m_CorrespondingSourceObject: {fileID: 0}
  m_PrefabInstance: {fileID: 0}
  m_PrefabAsset: {fileID: 0}
  serializedVersion: 6
  m_Component:
  - component: {fileID: 2595747525039024369}
  m_Layer: 0
  m_Name: mixamorig:LeftHandMiddle4
  m_TagString: Untagged
  m_Icon: {fileID: 0}
  m_NavMeshLayer: 0
  m_StaticEditorFlags: 0
  m_IsActive: 1
--- !u!4 &2595747525039024369
Transform:
  m_ObjectHideFlags: 0
  m_CorrespondingSourceObject: {fileID: 0}
  m_PrefabInstance: {fileID: 0}
  m_PrefabAsset: {fileID: 0}
  m_GameObject: {fileID: 4750547251417041457}
  serializedVersion: 2
  m_LocalRotation: {x: 0, y: -0, z: -0, w: 1}
  m_LocalPosition: {x: -0.00012431382, y: 0.02695126, z: -1.3635272e-10}
  m_LocalScale: {x: 1, y: 1, z: 1}
  m_ConstrainProportionsScale: 0
  m_Children: []
  m_Father: {fileID: 5969235126961536857}
  m_LocalEulerAnglesHint: {x: 0, y: 0, z: 0}
--- !u!1 &4766539854727895572
GameObject:
  m_ObjectHideFlags: 0
  m_CorrespondingSourceObject: {fileID: 0}
  m_PrefabInstance: {fileID: 0}
  m_PrefabAsset: {fileID: 0}
  serializedVersion: 6
  m_Component:
  - component: {fileID: 8825128148785571731}
  m_Layer: 0
  m_Name: mixamorig:LeftUpLeg
  m_TagString: Untagged
  m_Icon: {fileID: 0}
  m_NavMeshLayer: 0
  m_StaticEditorFlags: 0
  m_IsActive: 1
--- !u!4 &8825128148785571731
Transform:
  m_ObjectHideFlags: 0
  m_CorrespondingSourceObject: {fileID: 0}
  m_PrefabInstance: {fileID: 0}
  m_PrefabAsset: {fileID: 0}
  m_GameObject: {fileID: 4766539854727895572}
  serializedVersion: 2
  m_LocalRotation: {x: -0.000083636696, y: -0.009415185, z: 0.9999478, w: 0.0039769425}
  m_LocalPosition: {x: -0.07557004, y: -0.04826273, z: 0.0030053568}
  m_LocalScale: {x: 1, y: 1, z: 1}
  m_ConstrainProportionsScale: 0
  m_Children:
  - {fileID: 8585055885294176543}
  m_Father: {fileID: 4781449069346468612}
  m_LocalEulerAnglesHint: {x: 0, y: 0, z: 0}
--- !u!1 &4804499329991037066
GameObject:
  m_ObjectHideFlags: 0
  m_CorrespondingSourceObject: {fileID: 0}
  m_PrefabInstance: {fileID: 0}
  m_PrefabAsset: {fileID: 0}
  serializedVersion: 6
  m_Component:
  - component: {fileID: 1421758115039701881}
  m_Layer: 0
  m_Name: mixamorig:LeftHandPinky4
  m_TagString: Untagged
  m_Icon: {fileID: 0}
  m_NavMeshLayer: 0
  m_StaticEditorFlags: 0
  m_IsActive: 1
--- !u!4 &1421758115039701881
Transform:
  m_ObjectHideFlags: 0
  m_CorrespondingSourceObject: {fileID: 0}
  m_PrefabInstance: {fileID: 0}
  m_PrefabAsset: {fileID: 0}
  m_GameObject: {fileID: 4804499329991037066}
  serializedVersion: 2
  m_LocalRotation: {x: 0, y: -0, z: -0, w: 1}
  m_LocalPosition: {x: 0.00007077562, y: 0.017932327, z: 2.2315873e-10}
  m_LocalScale: {x: 1, y: 1, z: 1}
  m_ConstrainProportionsScale: 0
  m_Children: []
  m_Father: {fileID: 6166901996508236764}
  m_LocalEulerAnglesHint: {x: 0, y: 0, z: 0}
--- !u!1 &4893758248660508506
GameObject:
  m_ObjectHideFlags: 0
  m_CorrespondingSourceObject: {fileID: 0}
  m_PrefabInstance: {fileID: 0}
  m_PrefabAsset: {fileID: 0}
  serializedVersion: 6
  m_Component:
  - component: {fileID: 2072668714123506245}
  m_Layer: 0
  m_Name: mixamorig:LeftHandPinky2
  m_TagString: Untagged
  m_Icon: {fileID: 0}
  m_NavMeshLayer: 0
  m_StaticEditorFlags: 0
  m_IsActive: 1
--- !u!4 &2072668714123506245
Transform:
  m_ObjectHideFlags: 0
  m_CorrespondingSourceObject: {fileID: 0}
  m_PrefabInstance: {fileID: 0}
  m_PrefabAsset: {fileID: 0}
  m_GameObject: {fileID: 4893758248660508506}
  serializedVersion: 2
  m_LocalRotation: {x: 0.0000002458695, y: -0.000010512592, z: -0.0003048483, w: 0.99999994}
  m_LocalPosition: {x: -0.0000319745, y: 0.026237244, z: -3.7565825e-11}
  m_LocalScale: {x: 1, y: 1, z: 1}
  m_ConstrainProportionsScale: 0
  m_Children:
  - {fileID: 6166901996508236764}
  m_Father: {fileID: 4312597732359524387}
  m_LocalEulerAnglesHint: {x: 0, y: 0, z: 0}
--- !u!1 &5002509043800000121
GameObject:
  m_ObjectHideFlags: 0
  m_CorrespondingSourceObject: {fileID: 0}
  m_PrefabInstance: {fileID: 0}
  m_PrefabAsset: {fileID: 0}
  serializedVersion: 6
  m_Component:
  - component: {fileID: 8975447274131459341}
  m_Layer: 0
  m_Name: mixamorig:LeftShoulder
  m_TagString: Untagged
  m_Icon: {fileID: 0}
  m_NavMeshLayer: 0
  m_StaticEditorFlags: 0
  m_IsActive: 1
--- !u!4 &8975447274131459341
Transform:
  m_ObjectHideFlags: 0
  m_CorrespondingSourceObject: {fileID: 0}
  m_PrefabInstance: {fileID: 0}
  m_PrefabAsset: {fileID: 0}
  m_GameObject: {fileID: 5002509043800000121}
  serializedVersion: 2
  m_LocalRotation: {x: 0.5524966, y: -0.4394656, z: 0.55989057, w: 0.43375105}
  m_LocalPosition: {x: -0.042240907, y: 0.08898371, z: -0.00056615035}
  m_LocalScale: {x: 1, y: 1, z: 1}
  m_ConstrainProportionsScale: 0
  m_Children:
  - {fileID: 4761443891529925719}
  m_Father: {fileID: 2511452304650139729}
  m_LocalEulerAnglesHint: {x: 0, y: 0, z: 0}
--- !u!1 &5101140552763837049
GameObject:
  m_ObjectHideFlags: 0
  m_CorrespondingSourceObject: {fileID: 0}
  m_PrefabInstance: {fileID: 0}
  m_PrefabAsset: {fileID: 0}
  serializedVersion: 6
  m_Component:
  - component: {fileID: 8585055885294176543}
  m_Layer: 0
  m_Name: mixamorig:LeftLeg
  m_TagString: Untagged
  m_Icon: {fileID: 0}
  m_NavMeshLayer: 0
  m_StaticEditorFlags: 0
  m_IsActive: 1
--- !u!4 &8585055885294176543
Transform:
  m_ObjectHideFlags: 0
  m_CorrespondingSourceObject: {fileID: 0}
  m_PrefabInstance: {fileID: 0}
  m_PrefabAsset: {fileID: 0}
  m_GameObject: {fileID: 5101140552763837049}
  serializedVersion: 2
  m_LocalRotation: {x: -0.012430208, y: -0.00028470485, z: 0.008828439, w: 0.9998838}
  m_LocalPosition: {x: 0.0012461889, y: 0.24065751, z: 0.0010469878}
  m_LocalScale: {x: 1, y: 1, z: 1}
  m_ConstrainProportionsScale: 0
  m_Children:
  - {fileID: 3479148194866467646}
  m_Father: {fileID: 8825128148785571731}
  m_LocalEulerAnglesHint: {x: 0, y: 0, z: 0}
--- !u!1 &5117621107154581260
GameObject:
  m_ObjectHideFlags: 0
  m_CorrespondingSourceObject: {fileID: 0}
  m_PrefabInstance: {fileID: 0}
  m_PrefabAsset: {fileID: 0}
  serializedVersion: 6
  m_Component:
  - component: {fileID: 1885512709190867605}
  m_Layer: 0
  m_Name: mixamorig:RightHandThumb4
  m_TagString: Untagged
  m_Icon: {fileID: 0}
  m_NavMeshLayer: 0
  m_StaticEditorFlags: 0
  m_IsActive: 1
--- !u!4 &1885512709190867605
Transform:
  m_ObjectHideFlags: 0
  m_CorrespondingSourceObject: {fileID: 0}
  m_PrefabInstance: {fileID: 0}
  m_PrefabAsset: {fileID: 0}
  m_GameObject: {fileID: 5117621107154581260}
  serializedVersion: 2
  m_LocalRotation: {x: 0, y: -0, z: -0, w: 1}
  m_LocalPosition: {x: 0.001977315, y: 0.022442587, z: 2.7395303e-10}
  m_LocalScale: {x: 1, y: 1, z: 1}
  m_ConstrainProportionsScale: 0
  m_Children: []
  m_Father: {fileID: 5418240222122566331}
  m_LocalEulerAnglesHint: {x: 0, y: 0, z: 0}
--- !u!1 &5266337429328264750
GameObject:
  m_ObjectHideFlags: 0
  m_CorrespondingSourceObject: {fileID: 0}
  m_PrefabInstance: {fileID: 0}
  m_PrefabAsset: {fileID: 0}
  serializedVersion: 6
  m_Component:
  - component: {fileID: 5294112244051636180}
  m_Layer: 0
  m_Name: mixamorig:RightHandThumb2
  m_TagString: Untagged
  m_Icon: {fileID: 0}
  m_NavMeshLayer: 0
  m_StaticEditorFlags: 0
  m_IsActive: 1
--- !u!4 &5294112244051636180
Transform:
  m_ObjectHideFlags: 0
  m_CorrespondingSourceObject: {fileID: 0}
  m_PrefabInstance: {fileID: 0}
  m_PrefabAsset: {fileID: 0}
  m_GameObject: {fileID: 5266337429328264750}
  serializedVersion: 2
  m_LocalRotation: {x: -0.00004353998, y: 0.0011093798, z: 0.06726008, w: 0.9977349}
  m_LocalPosition: {x: -0.002744492, y: 0.025658702, z: -3.6734348e-11}
  m_LocalScale: {x: 1, y: 1, z: 1}
  m_ConstrainProportionsScale: 0
  m_Children:
  - {fileID: 5418240222122566331}
  m_Father: {fileID: 3734779251249741111}
  m_LocalEulerAnglesHint: {x: 0, y: 0, z: 0}
--- !u!1 &5346221520345514300
GameObject:
  m_ObjectHideFlags: 0
  m_CorrespondingSourceObject: {fileID: 0}
  m_PrefabInstance: {fileID: 0}
  m_PrefabAsset: {fileID: 0}
  serializedVersion: 6
  m_Component:
  - component: {fileID: 2724908095111407599}
  m_Layer: 0
  m_Name: mixamorig:LeftHandThumb4
  m_TagString: Untagged
  m_Icon: {fileID: 0}
  m_NavMeshLayer: 0
  m_StaticEditorFlags: 0
  m_IsActive: 1
--- !u!4 &2724908095111407599
Transform:
  m_ObjectHideFlags: 0
  m_CorrespondingSourceObject: {fileID: 0}
  m_PrefabInstance: {fileID: 0}
  m_PrefabAsset: {fileID: 0}
  m_GameObject: {fileID: 5346221520345514300}
  serializedVersion: 2
  m_LocalRotation: {x: 0, y: -0, z: -0, w: 1}
  m_LocalPosition: {x: -0.0025285184, y: 0.022376359, z: -1.2011313e-10}
  m_LocalScale: {x: 1, y: 1, z: 1}
  m_ConstrainProportionsScale: 0
  m_Children: []
  m_Father: {fileID: 2577914884146149926}
  m_LocalEulerAnglesHint: {x: 0, y: 0, z: 0}
--- !u!1 &5533688734258808955
GameObject:
  m_ObjectHideFlags: 0
  m_CorrespondingSourceObject: {fileID: 0}
  m_PrefabInstance: {fileID: 0}
  m_PrefabAsset: {fileID: 0}
  serializedVersion: 6
  m_Component:
  - component: {fileID: 4761443891529925719}
  m_Layer: 0
  m_Name: mixamorig:LeftArm
  m_TagString: Untagged
  m_Icon: {fileID: 0}
  m_NavMeshLayer: 0
  m_StaticEditorFlags: 0
  m_IsActive: 1
--- !u!4 &4761443891529925719
Transform:
  m_ObjectHideFlags: 0
  m_CorrespondingSourceObject: {fileID: 0}
  m_PrefabInstance: {fileID: 0}
  m_PrefabAsset: {fileID: 0}
  m_GameObject: {fileID: 5533688734258808955}
  serializedVersion: 2
  m_LocalRotation: {x: -0.11955384, y: 0.0033007322, z: -0.007053581, w: 0.9927972}
  m_LocalPosition: {x: 5.681499e-11, y: 0.08861007, z: -0.0000000011135252}
  m_LocalScale: {x: 1, y: 1, z: 1}
  m_ConstrainProportionsScale: 0
  m_Children:
  - {fileID: 6307189237913747306}
  m_Father: {fileID: 8975447274131459341}
  m_LocalEulerAnglesHint: {x: 0, y: 0, z: 0}
--- !u!1 &5589560735389506172
GameObject:
  m_ObjectHideFlags: 0
  m_CorrespondingSourceObject: {fileID: 0}
  m_PrefabInstance: {fileID: 0}
  m_PrefabAsset: {fileID: 0}
  serializedVersion: 6
  m_Component:
  - component: {fileID: 208705227181486068}
  m_Layer: 0
  m_Name: mixamorig:RightHandMiddle2
  m_TagString: Untagged
  m_Icon: {fileID: 0}
  m_NavMeshLayer: 0
  m_StaticEditorFlags: 0
  m_IsActive: 1
--- !u!4 &208705227181486068
Transform:
  m_ObjectHideFlags: 0
  m_CorrespondingSourceObject: {fileID: 0}
  m_PrefabInstance: {fileID: 0}
  m_PrefabAsset: {fileID: 0}
  m_GameObject: {fileID: 5589560735389506172}
  serializedVersion: 2
  m_LocalRotation: {x: -0.00000005207738, y: 0.0000011925633, z: 0.0025645792, w: 0.9999967}
  m_LocalPosition: {x: -0.0000849034, y: 0.03340153, z: 2.3182735e-10}
  m_LocalScale: {x: 1, y: 1, z: 1}
  m_ConstrainProportionsScale: 0
  m_Children:
  - {fileID: 3557353813246549858}
  m_Father: {fileID: 2390297158339298207}
  m_LocalEulerAnglesHint: {x: 0, y: 0, z: 0}
--- !u!1 &5777987937842235692
GameObject:
  m_ObjectHideFlags: 0
  m_CorrespondingSourceObject: {fileID: 0}
  m_PrefabInstance: {fileID: 0}
  m_PrefabAsset: {fileID: 0}
  serializedVersion: 6
  m_Component:
  - component: {fileID: 4943889059159683017}
  m_Layer: 0
  m_Name: mixamorig:LeftHandRing4
  m_TagString: Untagged
  m_Icon: {fileID: 0}
  m_NavMeshLayer: 0
  m_StaticEditorFlags: 0
  m_IsActive: 1
--- !u!4 &4943889059159683017
Transform:
  m_ObjectHideFlags: 0
  m_CorrespondingSourceObject: {fileID: 0}
  m_PrefabInstance: {fileID: 0}
  m_PrefabAsset: {fileID: 0}
  m_GameObject: {fileID: 5777987937842235692}
  serializedVersion: 2
  m_LocalRotation: {x: 0, y: -0, z: -0, w: 1}
  m_LocalPosition: {x: -0.000015357255, y: 0.023345819, z: 2.23271e-11}
  m_LocalScale: {x: 1, y: 1, z: 1}
  m_ConstrainProportionsScale: 0
  m_Children: []
  m_Father: {fileID: 4349897527719863441}
  m_LocalEulerAnglesHint: {x: 0, y: 0, z: 0}
--- !u!1 &5780740584666287424
GameObject:
  m_ObjectHideFlags: 0
  m_CorrespondingSourceObject: {fileID: 0}
  m_PrefabInstance: {fileID: 0}
  m_PrefabAsset: {fileID: 0}
  serializedVersion: 6
  m_Component:
  - component: {fileID: 2256573689624760436}
  m_Layer: 0
  m_Name: mixamorig:LeftHandIndex1
  m_TagString: Untagged
  m_Icon: {fileID: 0}
  m_NavMeshLayer: 0
  m_StaticEditorFlags: 0
  m_IsActive: 1
--- !u!4 &2256573689624760436
Transform:
  m_ObjectHideFlags: 0
  m_CorrespondingSourceObject: {fileID: 0}
  m_PrefabInstance: {fileID: 0}
  m_PrefabAsset: {fileID: 0}
  m_GameObject: {fileID: 5780740584666287424}
  serializedVersion: 2
  m_LocalRotation: {x: -0.00795395, y: 0.0011172559, z: -0.05954994, w: 0.998193}
  m_LocalPosition: {x: 0.025860287, y: 0.06942295, z: 0.00029658095}
  m_LocalScale: {x: 1, y: 1, z: 1}
  m_ConstrainProportionsScale: 0
  m_Children:
  - {fileID: 4084090613358312855}
  m_Father: {fileID: 1189527248450640239}
  m_LocalEulerAnglesHint: {x: 0, y: 0, z: 0}
--- !u!1 &5781445462011924084
GameObject:
  m_ObjectHideFlags: 0
  m_CorrespondingSourceObject: {fileID: 0}
  m_PrefabInstance: {fileID: 0}
  m_PrefabAsset: {fileID: 0}
  serializedVersion: 6
  m_Component:
  - component: {fileID: 6359405159533194413}
  - component: {fileID: 172936427462716053}
  m_Layer: 0
  m_Name: Ch46
  m_TagString: Untagged
  m_Icon: {fileID: 0}
  m_NavMeshLayer: 0
  m_StaticEditorFlags: 0
  m_IsActive: 1
--- !u!4 &6359405159533194413
Transform:
  m_ObjectHideFlags: 0
  m_CorrespondingSourceObject: {fileID: 0}
  m_PrefabInstance: {fileID: 0}
  m_PrefabAsset: {fileID: 0}
  m_GameObject: {fileID: 5781445462011924084}
  serializedVersion: 2
  m_LocalRotation: {x: 0, y: -0, z: -0, w: 1}
  m_LocalPosition: {x: 0, y: 0, z: 0}
  m_LocalScale: {x: 1, y: 1, z: 1}
  m_ConstrainProportionsScale: 0
  m_Children: []
  m_Father: {fileID: 371375673036060884}
  m_LocalEulerAnglesHint: {x: 0, y: 0, z: 0}
--- !u!137 &172936427462716053
SkinnedMeshRenderer:
  m_ObjectHideFlags: 0
  m_CorrespondingSourceObject: {fileID: 0}
  m_PrefabInstance: {fileID: 0}
  m_PrefabAsset: {fileID: 0}
  m_GameObject: {fileID: 5781445462011924084}
  m_Enabled: 1
  m_CastShadows: 1
  m_ReceiveShadows: 1
  m_DynamicOccludee: 1
  m_StaticShadowCaster: 0
  m_MotionVectors: 1
  m_LightProbeUsage: 1
  m_ReflectionProbeUsage: 1
  m_RayTracingMode: 3
  m_RayTraceProcedural: 0
  m_RenderingLayerMask: 1
  m_RendererPriority: 0
  m_Materials:
  - {fileID: 2100000, guid: 89f9a1df535674dd583f246b51e4be77, type: 2}
  m_StaticBatchInfo:
    firstSubMesh: 0
    subMeshCount: 0
  m_StaticBatchRoot: {fileID: 0}
  m_ProbeAnchor: {fileID: 0}
  m_LightProbeVolumeOverride: {fileID: 0}
  m_ScaleInLightmap: 1
  m_ReceiveGI: 1
  m_PreserveUVs: 0
  m_IgnoreNormalsForChartDetection: 0
  m_ImportantGI: 0
  m_StitchLightmapSeams: 1
  m_SelectedEditorRenderState: 3
  m_MinimumChartSize: 4
  m_AutoUVMaxDistance: 0.5
  m_AutoUVMaxAngle: 89
  m_LightmapParameters: {fileID: 0}
  m_SortingLayerID: 0
  m_SortingLayer: 0
  m_SortingOrder: 0
  serializedVersion: 2
  m_Quality: 0
  m_UpdateWhenOffscreen: 0
  m_SkinnedMotionVectors: 1
  m_Mesh: {fileID: -108576913577776861, guid: 31e81a8b9e46a407eb42998540932fc3, type: 3}
  m_Bones:
  - {fileID: 4781449069346468612}
  - {fileID: 1007746212104242375}
  - {fileID: 6280617541106865278}
  - {fileID: 2511452304650139729}
  - {fileID: 795639939461413918}
  - {fileID: 2179771490008977477}
  - {fileID: 1025731919711000645}
  - {fileID: 8975447274131459341}
  - {fileID: 4761443891529925719}
  - {fileID: 6307189237913747306}
  - {fileID: 1189527248450640239}
  - {fileID: 8285324383230575184}
  - {fileID: 5537907526720427908}
  - {fileID: 2577914884146149926}
  - {fileID: 2724908095111407599}
  - {fileID: 2256573689624760436}
  - {fileID: 4084090613358312855}
  - {fileID: 3039161725653947307}
  - {fileID: 4169720964165764036}
  - {fileID: 8812499454888665790}
  - {fileID: 5489116504009620169}
  - {fileID: 5969235126961536857}
  - {fileID: 2595747525039024369}
  - {fileID: 4265929595285944289}
  - {fileID: 1283528295274858699}
  - {fileID: 4349897527719863441}
  - {fileID: 4943889059159683017}
  - {fileID: 4312597732359524387}
  - {fileID: 2072668714123506245}
  - {fileID: 6166901996508236764}
  - {fileID: 1421758115039701881}
  - {fileID: 1212155532095845927}
  - {fileID: 5564845777503331214}
  - {fileID: 3126878143512532651}
  - {fileID: 8130983261454222477}
  - {fileID: 3734779251249741111}
  - {fileID: 5294112244051636180}
  - {fileID: 5418240222122566331}
  - {fileID: 1885512709190867605}
  - {fileID: 7641799982705972600}
  - {fileID: 4850591795390510030}
  - {fileID: 9180739956508665081}
  - {fileID: 114149657364311717}
  - {fileID: 2390297158339298207}
  - {fileID: 208705227181486068}
  - {fileID: 3557353813246549858}
  - {fileID: 4121591321372313395}
  - {fileID: 932713878338546059}
  - {fileID: 6621211992204972479}
  - {fileID: 667091453938398810}
  - {fileID: 2316982248138355180}
  - {fileID: 6512432220774209977}
  - {fileID: 3896587677223838066}
  - {fileID: 558967489247523971}
  - {fileID: 2691144301221496447}
  - {fileID: 8825128148785571731}
  - {fileID: 8585055885294176543}
  - {fileID: 3479148194866467646}
  - {fileID: 2173783535121156227}
  - {fileID: 2694117389663277058}
  - {fileID: 6406493922767404632}
  - {fileID: 7953017229551216037}
  - {fileID: 2800220730736620440}
  - {fileID: 1469385307390778945}
  - {fileID: 5576012790569018220}
  m_BlendShapeWeights: []
  m_RootBone: {fileID: 4781449069346468612}
  m_AABB:
    m_Center: {x: 0.000008612871, y: 0, z: -0.008284755}
    m_Extent: {x: 0.6790086, y: 0.7, z: 0.20041302}
  m_DirtyAABB: 0
--- !u!1 &6110399837598510502
GameObject:
  m_ObjectHideFlags: 0
  m_CorrespondingSourceObject: {fileID: 0}
  m_PrefabInstance: {fileID: 0}
  m_PrefabAsset: {fileID: 0}
  serializedVersion: 6
  m_Component:
  - component: {fileID: 371375673036060884}
  - component: {fileID: 5618048782728380767}
  - component: {fileID: 1688716293820404516}
  - component: {fileID: 6059801440389845800}
  - component: {fileID: 3235483361886262578}
  - component: {fileID: 4362271801291816125}
  m_Layer: 0
  m_Name: Player
  m_TagString: Player
  m_Icon: {fileID: 0}
  m_NavMeshLayer: 0
  m_StaticEditorFlags: 0
  m_IsActive: 1
--- !u!4 &371375673036060884
Transform:
  m_ObjectHideFlags: 0
  m_CorrespondingSourceObject: {fileID: 0}
  m_PrefabInstance: {fileID: 0}
  m_PrefabAsset: {fileID: 0}
  m_GameObject: {fileID: 6110399837598510502}
  serializedVersion: 2
  m_LocalRotation: {x: -0, y: -0, z: -0, w: 1}
  m_LocalPosition: {x: -4.44, y: 0, z: -3.03}
  m_LocalScale: {x: 1, y: 1, z: 1}
  m_ConstrainProportionsScale: 1
  m_Children:
  - {fileID: 6359405159533194413}
  - {fileID: 4781449069346468612}
  m_Father: {fileID: 0}
  m_LocalEulerAnglesHint: {x: 0, y: 0, z: 0}
--- !u!95 &5618048782728380767
Animator:
  serializedVersion: 5
  m_ObjectHideFlags: 0
  m_CorrespondingSourceObject: {fileID: 0}
  m_PrefabInstance: {fileID: 0}
  m_PrefabAsset: {fileID: 0}
  m_GameObject: {fileID: 6110399837598510502}
  m_Enabled: 1
  m_Avatar: {fileID: 9000000, guid: 31e81a8b9e46a407eb42998540932fc3, type: 3}
  m_Controller: {fileID: 9100000, guid: d24639210c2a44dfeb338a0da18a801c, type: 2}
  m_CullingMode: 1
  m_UpdateMode: 0
  m_ApplyRootMotion: 1
  m_LinearVelocityBlending: 0
  m_StabilizeFeet: 0
  m_WarningMessage: 
  m_HasTransformHierarchy: 1
  m_AllowConstantClipSamplingOptimization: 1
  m_KeepAnimatorStateOnDisable: 0
  m_WriteDefaultValuesOnDisable: 0
--- !u!114 &1688716293820404516
MonoBehaviour:
  m_ObjectHideFlags: 0
  m_CorrespondingSourceObject: {fileID: 0}
  m_PrefabInstance: {fileID: 0}
  m_PrefabAsset: {fileID: 0}
  m_GameObject: {fileID: 6110399837598510502}
  m_Enabled: 1
  m_EditorHideFlags: 0
  m_Script: {fileID: 11500000, guid: 28188896461f04c079079b6a2647fac1, type: 3}
  m_Name: 
  m_EditorClassIdentifier: 
  isActive: 0
  speed: 4
  isMoving: 0
  money: []
  stuckThreshold: 0.1
  stuckDuration: 1
--- !u!195 &6059801440389845800
NavMeshAgent:
  m_ObjectHideFlags: 0
  m_CorrespondingSourceObject: {fileID: 0}
  m_PrefabInstance: {fileID: 0}
  m_PrefabAsset: {fileID: 0}
  m_GameObject: {fileID: 6110399837598510502}
  m_Enabled: 1
  m_AgentTypeID: 0
  m_Radius: 0.5
  m_Speed: 3.5
  m_Acceleration: 8
  avoidancePriority: 50
  m_AngularSpeed: 120
  m_StoppingDistance: 0
  m_AutoTraverseOffMeshLink: 1
  m_AutoBraking: 1
  m_AutoRepath: 1
  m_Height: 2
  m_BaseOffset: 0
  m_WalkableMask: 4294967295
  m_ObstacleAvoidanceType: 4
--- !u!54 &3235483361886262578
Rigidbody:
  m_ObjectHideFlags: 0
  m_CorrespondingSourceObject: {fileID: 0}
  m_PrefabInstance: {fileID: 0}
  m_PrefabAsset: {fileID: 0}
  m_GameObject: {fileID: 6110399837598510502}
  serializedVersion: 4
  m_Mass: 1
  m_Drag: 0
  m_AngularDrag: 0.05
  m_CenterOfMass: {x: 0, y: 0, z: 0}
  m_InertiaTensor: {x: 1, y: 1, z: 1}
  m_InertiaRotation: {x: 0, y: 0, z: 0, w: 1}
  m_IncludeLayers:
    serializedVersion: 2
    m_Bits: 0
  m_ExcludeLayers:
    serializedVersion: 2
    m_Bits: 0
  m_ImplicitCom: 1
  m_ImplicitTensor: 1
  m_UseGravity: 1
  m_IsKinematic: 0
  m_Interpolate: 0
  m_Constraints: 112
  m_CollisionDetection: 0
--- !u!136 &4362271801291816125
CapsuleCollider:
  m_ObjectHideFlags: 0
  m_CorrespondingSourceObject: {fileID: 0}
  m_PrefabInstance: {fileID: 0}
  m_PrefabAsset: {fileID: 0}
  m_GameObject: {fileID: 6110399837598510502}
  m_Material: {fileID: 0}
  m_IncludeLayers:
    serializedVersion: 2
    m_Bits: 0
  m_ExcludeLayers:
    serializedVersion: 2
    m_Bits: 0
  m_LayerOverridePriority: 0
  m_IsTrigger: 0
  m_ProvidesContacts: 0
  m_Enabled: 1
  serializedVersion: 2
  m_Radius: 0.2
  m_Height: 1.5
  m_Direction: 1
  m_Center: {x: 0, y: 0.7, z: 0}
--- !u!1 &6179066147516919605
GameObject:
  m_ObjectHideFlags: 0
  m_CorrespondingSourceObject: {fileID: 0}
  m_PrefabInstance: {fileID: 0}
  m_PrefabAsset: {fileID: 0}
  serializedVersion: 6
  m_Component:
  - component: {fileID: 5564845777503331214}
  m_Layer: 0
  m_Name: mixamorig:RightArm
  m_TagString: Untagged
  m_Icon: {fileID: 0}
  m_NavMeshLayer: 0
  m_StaticEditorFlags: 0
  m_IsActive: 1
--- !u!4 &5564845777503331214
Transform:
  m_ObjectHideFlags: 0
  m_CorrespondingSourceObject: {fileID: 0}
  m_PrefabInstance: {fileID: 0}
  m_PrefabAsset: {fileID: 0}
  m_GameObject: {fileID: 6179066147516919605}
  serializedVersion: 2
  m_LocalRotation: {x: -0.11969938, y: -0.00237198, z: 0.003849973, w: 0.9927999}
  m_LocalPosition: {x: -4.9919645e-11, y: 0.08861007, z: -0.0000000011138267}
  m_LocalScale: {x: 1, y: 1, z: 1}
  m_ConstrainProportionsScale: 0
  m_Children:
  - {fileID: 3126878143512532651}
  m_Father: {fileID: 1212155532095845927}
  m_LocalEulerAnglesHint: {x: 0, y: 0, z: 0}
--- !u!1 &6441616089685103885
GameObject:
  m_ObjectHideFlags: 0
  m_CorrespondingSourceObject: {fileID: 0}
  m_PrefabInstance: {fileID: 0}
  m_PrefabAsset: {fileID: 0}
  serializedVersion: 6
  m_Component:
  - component: {fileID: 6166901996508236764}
  m_Layer: 0
  m_Name: mixamorig:LeftHandPinky3
  m_TagString: Untagged
  m_Icon: {fileID: 0}
  m_NavMeshLayer: 0
  m_StaticEditorFlags: 0
  m_IsActive: 1
--- !u!4 &6166901996508236764
Transform:
  m_ObjectHideFlags: 0
  m_CorrespondingSourceObject: {fileID: 0}
  m_PrefabInstance: {fileID: 0}
  m_PrefabAsset: {fileID: 0}
  m_GameObject: {fileID: 6441616089685103885}
  serializedVersion: 2
  m_LocalRotation: {x: -0.00000031975566, y: -0.000073916504, z: 0.0028943731, w: 0.9999958}
  m_LocalPosition: {x: -0.000038801343, y: 0.021320786, z: 3.020517e-12}
  m_LocalScale: {x: 1, y: 1, z: 1}
  m_ConstrainProportionsScale: 0
  m_Children:
  - {fileID: 1421758115039701881}
  m_Father: {fileID: 2072668714123506245}
  m_LocalEulerAnglesHint: {x: 0, y: 0, z: 0}
--- !u!1 &6716802771121378959
GameObject:
  m_ObjectHideFlags: 0
  m_CorrespondingSourceObject: {fileID: 0}
  m_PrefabInstance: {fileID: 0}
  m_PrefabAsset: {fileID: 0}
  serializedVersion: 6
  m_Component:
  - component: {fileID: 1212155532095845927}
  m_Layer: 0
  m_Name: mixamorig:RightShoulder
  m_TagString: Untagged
  m_Icon: {fileID: 0}
  m_NavMeshLayer: 0
  m_StaticEditorFlags: 0
  m_IsActive: 1
--- !u!4 &1212155532095845927
Transform:
  m_ObjectHideFlags: 0
  m_CorrespondingSourceObject: {fileID: 0}
  m_PrefabInstance: {fileID: 0}
  m_PrefabAsset: {fileID: 0}
  m_GameObject: {fileID: 6716802771121378959}
  serializedVersion: 2
  m_LocalRotation: {x: -0.55427444, y: -0.43807507, z: 0.55823636, w: -0.43501985}
  m_LocalPosition: {x: 0.042240907, y: 0.08897278, z: -0.00030230396}
  m_LocalScale: {x: 1, y: 1, z: 1}
  m_ConstrainProportionsScale: 0
  m_Children:
  - {fileID: 5564845777503331214}
  m_Father: {fileID: 2511452304650139729}
  m_LocalEulerAnglesHint: {x: 0, y: 0, z: 0}
--- !u!1 &6984955471572841382
GameObject:
  m_ObjectHideFlags: 0
  m_CorrespondingSourceObject: {fileID: 0}
  m_PrefabInstance: {fileID: 0}
  m_PrefabAsset: {fileID: 0}
  serializedVersion: 6
  m_Component:
  - component: {fileID: 8285324383230575184}
  m_Layer: 0
  m_Name: mixamorig:LeftHandThumb1
  m_TagString: Untagged
  m_Icon: {fileID: 0}
  m_NavMeshLayer: 0
  m_StaticEditorFlags: 0
  m_IsActive: 1
--- !u!4 &8285324383230575184
Transform:
  m_ObjectHideFlags: 0
  m_CorrespondingSourceObject: {fileID: 0}
  m_PrefabInstance: {fileID: 0}
  m_PrefabAsset: {fileID: 0}
  m_GameObject: {fileID: 6984955471572841382}
  serializedVersion: 2
  m_LocalRotation: {x: 0.20349026, y: -0.08257151, z: -0.24905185, w: 0.94326395}
  m_LocalPosition: {x: 0.020888727, y: 0.021412544, z: 0.012094413}
  m_LocalScale: {x: 1, y: 1, z: 1}
  m_ConstrainProportionsScale: 0
  m_Children:
  - {fileID: 5537907526720427908}
  m_Father: {fileID: 1189527248450640239}
  m_LocalEulerAnglesHint: {x: 0, y: 0, z: 0}
--- !u!1 &7027557763882173839
GameObject:
  m_ObjectHideFlags: 0
  m_CorrespondingSourceObject: {fileID: 0}
  m_PrefabInstance: {fileID: 0}
  m_PrefabAsset: {fileID: 0}
  serializedVersion: 6
  m_Component:
  - component: {fileID: 4121591321372313395}
  m_Layer: 0
  m_Name: mixamorig:RightHandMiddle4
  m_TagString: Untagged
  m_Icon: {fileID: 0}
  m_NavMeshLayer: 0
  m_StaticEditorFlags: 0
  m_IsActive: 1
--- !u!4 &4121591321372313395
Transform:
  m_ObjectHideFlags: 0
  m_CorrespondingSourceObject: {fileID: 0}
  m_PrefabInstance: {fileID: 0}
  m_PrefabAsset: {fileID: 0}
  m_GameObject: {fileID: 7027557763882173839}
  serializedVersion: 2
  m_LocalRotation: {x: 0, y: -0, z: -0, w: 1}
  m_LocalPosition: {x: 0.0000059064987, y: 0.026394917, z: -1.7529089e-12}
  m_LocalScale: {x: 1, y: 1, z: 1}
  m_ConstrainProportionsScale: 0
  m_Children: []
  m_Father: {fileID: 3557353813246549858}
  m_LocalEulerAnglesHint: {x: 0, y: 0, z: 0}
--- !u!1 &7197431480269666306
GameObject:
  m_ObjectHideFlags: 0
  m_CorrespondingSourceObject: {fileID: 0}
  m_PrefabInstance: {fileID: 0}
  m_PrefabAsset: {fileID: 0}
  serializedVersion: 6
  m_Component:
  - component: {fileID: 3126878143512532651}
  m_Layer: 0
  m_Name: mixamorig:RightForeArm
  m_TagString: Untagged
  m_Icon: {fileID: 0}
  m_NavMeshLayer: 0
  m_StaticEditorFlags: 0
  m_IsActive: 1
--- !u!4 &3126878143512532651
Transform:
  m_ObjectHideFlags: 0
  m_CorrespondingSourceObject: {fileID: 0}
  m_PrefabInstance: {fileID: 0}
  m_PrefabAsset: {fileID: 0}
  m_GameObject: {fileID: 7197431480269666306}
  serializedVersion: 2
  m_LocalRotation: {x: 0.00000039357738, y: -0.00018599893, z: -0.00000041591124, w: 1}
  m_LocalPosition: {x: -1.4379362e-10, y: 0.18973565, z: 4.5091184e-11}
  m_LocalScale: {x: 1, y: 1, z: 1}
  m_ConstrainProportionsScale: 0
  m_Children:
  - {fileID: 8130983261454222477}
  m_Father: {fileID: 5564845777503331214}
  m_LocalEulerAnglesHint: {x: 0, y: 0, z: 0}
--- !u!1 &7272045706220660658
GameObject:
  m_ObjectHideFlags: 0
  m_CorrespondingSourceObject: {fileID: 0}
  m_PrefabInstance: {fileID: 0}
  m_PrefabAsset: {fileID: 0}
  serializedVersion: 6
  m_Component:
  - component: {fileID: 7953017229551216037}
  m_Layer: 0
  m_Name: mixamorig:RightLeg
  m_TagString: Untagged
  m_Icon: {fileID: 0}
  m_NavMeshLayer: 0
  m_StaticEditorFlags: 0
  m_IsActive: 1
--- !u!4 &7953017229551216037
Transform:
  m_ObjectHideFlags: 0
  m_CorrespondingSourceObject: {fileID: 0}
  m_PrefabInstance: {fileID: 0}
  m_PrefabAsset: {fileID: 0}
  m_GameObject: {fileID: 7272045706220660658}
  serializedVersion: 2
  m_LocalRotation: {x: -0.022162355, y: 0.00037958272, z: -0.008822522, w: 0.9997154}
  m_LocalPosition: {x: -0.0012476965, y: 0.24070087, z: -0.0014491667}
  m_LocalScale: {x: 1, y: 1, z: 1}
  m_ConstrainProportionsScale: 0
  m_Children:
  - {fileID: 2800220730736620440}
  m_Father: {fileID: 6406493922767404632}
  m_LocalEulerAnglesHint: {x: 0, y: 0, z: 0}
--- !u!1 &7311402452956421240
GameObject:
  m_ObjectHideFlags: 0
  m_CorrespondingSourceObject: {fileID: 0}
  m_PrefabInstance: {fileID: 0}
  m_PrefabAsset: {fileID: 0}
  serializedVersion: 6
  m_Component:
  - component: {fileID: 7641799982705972600}
  m_Layer: 0
  m_Name: mixamorig:RightHandIndex1
  m_TagString: Untagged
  m_Icon: {fileID: 0}
  m_NavMeshLayer: 0
  m_StaticEditorFlags: 0
  m_IsActive: 1
--- !u!4 &7641799982705972600
Transform:
  m_ObjectHideFlags: 0
  m_CorrespondingSourceObject: {fileID: 0}
  m_PrefabInstance: {fileID: 0}
  m_PrefabAsset: {fileID: 0}
  m_GameObject: {fileID: 7311402452956421240}
  serializedVersion: 2
  m_LocalRotation: {x: -0.006371676, y: -0.00073925743, z: 0.054562833, w: 0.9984898}
  m_LocalPosition: {x: -0.025699353, y: 0.07053782, z: 0.00050919794}
  m_LocalScale: {x: 1, y: 1, z: 1}
  m_ConstrainProportionsScale: 0
  m_Children:
  - {fileID: 4850591795390510030}
  m_Father: {fileID: 8130983261454222477}
  m_LocalEulerAnglesHint: {x: 0, y: 0, z: 0}
--- !u!1 &7333464975949055428
GameObject:
  m_ObjectHideFlags: 0
  m_CorrespondingSourceObject: {fileID: 0}
  m_PrefabInstance: {fileID: 0}
  m_PrefabAsset: {fileID: 0}
  serializedVersion: 6
  m_Component:
  - component: {fileID: 1025731919711000645}
  m_Layer: 0
  m_Name: mixamorig:HeadTop_End
  m_TagString: Untagged
  m_Icon: {fileID: 0}
  m_NavMeshLayer: 0
  m_StaticEditorFlags: 0
  m_IsActive: 1
--- !u!4 &1025731919711000645
Transform:
  m_ObjectHideFlags: 0
  m_CorrespondingSourceObject: {fileID: 0}
  m_PrefabInstance: {fileID: 0}
  m_PrefabAsset: {fileID: 0}
  m_GameObject: {fileID: 7333464975949055428}
  serializedVersion: 2
  m_LocalRotation: {x: 0, y: -0, z: -0, w: 1}
  m_LocalPosition: {x: -0, y: 0.25089148, z: 0.0033387446}
  m_LocalScale: {x: 1, y: 1, z: 1}
  m_ConstrainProportionsScale: 0
  m_Children: []
  m_Father: {fileID: 2179771490008977477}
  m_LocalEulerAnglesHint: {x: 0, y: 0, z: 0}
--- !u!1 &7393171609364343890
GameObject:
  m_ObjectHideFlags: 0
  m_CorrespondingSourceObject: {fileID: 0}
  m_PrefabInstance: {fileID: 0}
  m_PrefabAsset: {fileID: 0}
  serializedVersion: 6
  m_Component:
  - component: {fileID: 4781449069346468612}
  m_Layer: 0
  m_Name: mixamorig:Hips
  m_TagString: Untagged
  m_Icon: {fileID: 0}
  m_NavMeshLayer: 0
  m_StaticEditorFlags: 0
  m_IsActive: 1
--- !u!4 &4781449069346468612
Transform:
  m_ObjectHideFlags: 0
  m_CorrespondingSourceObject: {fileID: 0}
  m_PrefabInstance: {fileID: 0}
  m_PrefabAsset: {fileID: 0}
  m_GameObject: {fileID: 7393171609364343890}
  serializedVersion: 2
  m_LocalRotation: {x: -1.480898e-14, y: -0.00000029621924, z: 0.00000945409, w: 1}
  m_LocalPosition: {x: -0.0000010774413, y: 0.69749016, z: -0.0039418023}
  m_LocalScale: {x: 1, y: 1, z: 1}
  m_ConstrainProportionsScale: 0
  m_Children:
  - {fileID: 8825128148785571731}
  - {fileID: 6406493922767404632}
  - {fileID: 1007746212104242375}
  m_Father: {fileID: 371375673036060884}
  m_LocalEulerAnglesHint: {x: 0, y: 0, z: 0}
--- !u!1 &7531692773073938721
GameObject:
  m_ObjectHideFlags: 0
  m_CorrespondingSourceObject: {fileID: 0}
  m_PrefabInstance: {fileID: 0}
  m_PrefabAsset: {fileID: 0}
  serializedVersion: 6
  m_Component:
  - component: {fileID: 795639939461413918}
  m_Layer: 0
  m_Name: mixamorig:Neck
  m_TagString: Untagged
  m_Icon: {fileID: 0}
  m_NavMeshLayer: 0
  m_StaticEditorFlags: 0
  m_IsActive: 1
--- !u!4 &795639939461413918
Transform:
  m_ObjectHideFlags: 0
  m_CorrespondingSourceObject: {fileID: 0}
  m_PrefabInstance: {fileID: 0}
  m_PrefabAsset: {fileID: 0}
  m_GameObject: {fileID: 7531692773073938721}
  serializedVersion: 2
  m_LocalRotation: {x: 0.020686941, y: 3.7920137e-14, z: 2.2820694e-13, w: 0.999786}
  m_LocalPosition: {x: -0, y: 0.0994667, z: -4.1040094e-10}
  m_LocalScale: {x: 1, y: 1, z: 1}
  m_ConstrainProportionsScale: 0
  m_Children:
  - {fileID: 2179771490008977477}
  m_Father: {fileID: 2511452304650139729}
  m_LocalEulerAnglesHint: {x: 0, y: 0, z: 0}
--- !u!1 &7646703563108214104
GameObject:
  m_ObjectHideFlags: 0
  m_CorrespondingSourceObject: {fileID: 0}
  m_PrefabInstance: {fileID: 0}
  m_PrefabAsset: {fileID: 0}
  serializedVersion: 6
  m_Component:
  - component: {fileID: 2173783535121156227}
  m_Layer: 0
  m_Name: mixamorig:LeftToeBase
  m_TagString: Untagged
  m_Icon: {fileID: 0}
  m_NavMeshLayer: 0
  m_StaticEditorFlags: 0
  m_IsActive: 1
--- !u!4 &2173783535121156227
Transform:
  m_ObjectHideFlags: 0
  m_CorrespondingSourceObject: {fileID: 0}
  m_PrefabInstance: {fileID: 0}
  m_PrefabAsset: {fileID: 0}
  m_GameObject: {fileID: 7646703563108214104}
  serializedVersion: 2
  m_LocalRotation: {x: 0.28124323, y: 0.008326582, z: -0.002440393, w: 0.9595973}
  m_LocalPosition: {x: 0.000052785534, y: 0.12893309, z: -0.005155072}
  m_LocalScale: {x: 1, y: 1, z: 1}
  m_ConstrainProportionsScale: 0
  m_Children:
  - {fileID: 2694117389663277058}
  m_Father: {fileID: 3479148194866467646}
  m_LocalEulerAnglesHint: {x: 0, y: 0, z: 0}
--- !u!1 &7829297282790858138
GameObject:
  m_ObjectHideFlags: 0
  m_CorrespondingSourceObject: {fileID: 0}
  m_PrefabInstance: {fileID: 0}
  m_PrefabAsset: {fileID: 0}
  serializedVersion: 6
  m_Component:
  - component: {fileID: 6307189237913747306}
  m_Layer: 0
  m_Name: mixamorig:LeftForeArm
  m_TagString: Untagged
  m_Icon: {fileID: 0}
  m_NavMeshLayer: 0
  m_StaticEditorFlags: 0
  m_IsActive: 1
--- !u!4 &6307189237913747306
Transform:
  m_ObjectHideFlags: 0
  m_CorrespondingSourceObject: {fileID: 0}
  m_PrefabInstance: {fileID: 0}
  m_PrefabAsset: {fileID: 0}
  m_GameObject: {fileID: 7829297282790858138}
  serializedVersion: 2
  m_LocalRotation: {x: 0.0000001474461, y: 0.00014322808, z: -0.00000019368963, w: 1}
  m_LocalPosition: {x: 7.0204606e-11, y: 0.1897519, z: 5.5653968e-11}
  m_LocalScale: {x: 1, y: 1, z: 1}
  m_ConstrainProportionsScale: 0
  m_Children:
  - {fileID: 1189527248450640239}
  m_Father: {fileID: 4761443891529925719}
  m_LocalEulerAnglesHint: {x: 0, y: 0, z: 0}
--- !u!1 &7917042578813766734
GameObject:
  m_ObjectHideFlags: 0
  m_CorrespondingSourceObject: {fileID: 0}
  m_PrefabInstance: {fileID: 0}
  m_PrefabAsset: {fileID: 0}
  serializedVersion: 6
  m_Component:
  - component: {fileID: 6512432220774209977}
  m_Layer: 0
  m_Name: mixamorig:RightHandPinky1
  m_TagString: Untagged
  m_Icon: {fileID: 0}
  m_NavMeshLayer: 0
  m_StaticEditorFlags: 0
  m_IsActive: 1
--- !u!4 &6512432220774209977
Transform:
  m_ObjectHideFlags: 0
  m_CorrespondingSourceObject: {fileID: 0}
  m_PrefabInstance: {fileID: 0}
  m_PrefabAsset: {fileID: 0}
  m_GameObject: {fileID: 7917042578813766734}
  serializedVersion: 2
  m_LocalRotation: {x: -0.006416736, y: 0.0000921525, z: 0.054785565, w: 0.9984775}
  m_LocalPosition: {x: 0.024431197, y: 0.0645357, z: 0.0012550073}
  m_LocalScale: {x: 1, y: 1, z: 1}
  m_ConstrainProportionsScale: 0
  m_Children:
  - {fileID: 3896587677223838066}
  m_Father: {fileID: 8130983261454222477}
  m_LocalEulerAnglesHint: {x: 0, y: 0, z: 0}
--- !u!1 &8702173949363142362
GameObject:
  m_ObjectHideFlags: 0
  m_CorrespondingSourceObject: {fileID: 0}
  m_PrefabInstance: {fileID: 0}
  m_PrefabAsset: {fileID: 0}
  serializedVersion: 6
  m_Component:
  - component: {fileID: 1469385307390778945}
  m_Layer: 0
  m_Name: mixamorig:RightToeBase
  m_TagString: Untagged
  m_Icon: {fileID: 0}
  m_NavMeshLayer: 0
  m_StaticEditorFlags: 0
  m_IsActive: 1
--- !u!4 &1469385307390778945
Transform:
  m_ObjectHideFlags: 0
  m_CorrespondingSourceObject: {fileID: 0}
  m_PrefabInstance: {fileID: 0}
  m_PrefabAsset: {fileID: 0}
  m_GameObject: {fileID: 8702173949363142362}
  serializedVersion: 2
  m_LocalRotation: {x: 0.28541392, y: -0.0081305895, z: 0.0024213935, w: 0.9583669}
  m_LocalPosition: {x: -0.000053810523, y: 0.1271827, z: -0.0052236537}
  m_LocalScale: {x: 1, y: 1, z: 1}
  m_ConstrainProportionsScale: 0
  m_Children:
  - {fileID: 5576012790569018220}
  m_Father: {fileID: 2800220730736620440}
  m_LocalEulerAnglesHint: {x: 0, y: 0, z: 0}
--- !u!1 &8818172327030829802
GameObject:
  m_ObjectHideFlags: 0
  m_CorrespondingSourceObject: {fileID: 0}
  m_PrefabInstance: {fileID: 0}
  m_PrefabAsset: {fileID: 0}
  serializedVersion: 6
  m_Component:
  - component: {fileID: 4850591795390510030}
  m_Layer: 0
  m_Name: mixamorig:RightHandIndex2
  m_TagString: Untagged
  m_Icon: {fileID: 0}
  m_NavMeshLayer: 0
  m_StaticEditorFlags: 0
  m_IsActive: 1
--- !u!4 &4850591795390510030
Transform:
  m_ObjectHideFlags: 0
  m_CorrespondingSourceObject: {fileID: 0}
  m_PrefabInstance: {fileID: 0}
  m_PrefabAsset: {fileID: 0}
  m_GameObject: {fileID: 8818172327030829802}
  serializedVersion: 2
  m_LocalRotation: {x: 0.00000014509726, y: -0.00000047670645, z: -0.00049364567, w: 0.9999999}
  m_LocalPosition: {x: 0.000015083854, y: 0.028163213, z: -4.989289e-11}
  m_LocalScale: {x: 1, y: 1, z: 1}
  m_ConstrainProportionsScale: 0
  m_Children:
  - {fileID: 9180739956508665081}
  m_Father: {fileID: 7641799982705972600}
  m_LocalEulerAnglesHint: {x: 0, y: 0, z: 0}
--- !u!1 &9215061063616605194
GameObject:
  m_ObjectHideFlags: 0
  m_CorrespondingSourceObject: {fileID: 0}
  m_PrefabInstance: {fileID: 0}
  m_PrefabAsset: {fileID: 0}
  serializedVersion: 6
  m_Component:
  - component: {fileID: 2179771490008977477}
  m_Layer: 0
  m_Name: mixamorig:Head
  m_TagString: Untagged
  m_Icon: {fileID: 0}
  m_NavMeshLayer: 0
  m_StaticEditorFlags: 0
  m_IsActive: 1
--- !u!4 &2179771490008977477
Transform:
  m_ObjectHideFlags: 0
  m_CorrespondingSourceObject: {fileID: 0}
  m_PrefabInstance: {fileID: 0}
  m_PrefabAsset: {fileID: 0}
  m_GameObject: {fileID: 9215061063616605194}
  serializedVersion: 2
  m_LocalRotation: {x: 0, y: -0, z: -1.3525532e-36, w: 1}
  m_LocalPosition: {x: -0, y: 0.08579109, z: 0.0011416674}
  m_LocalScale: {x: 1, y: 1, z: 1}
  m_ConstrainProportionsScale: 0
  m_Children:
  - {fileID: 1025731919711000645}
  m_Father: {fileID: 795639939461413918}
  m_LocalEulerAnglesHint: {x: 0, y: 0, z: 0}
